2250 2884
489 63 656 105 „25.-

72 184 138 225 bilem
159 188 181 223 et
202 185 230 228 ad
250 198 288 226 nos
308 188 419 237 nostraque
436 184 587 224 conformatam
606 186 711 225 rationem
732 184 837 226 exhibeat.
858 209 888 216 -
908 186 995 228 Reddet
1008 188 1065 231 Deus

70 277 111 319 pro
127 264 170 304 suis
186 265 262 318 cuique
279 263 397 304 actionibus
417 261 540 314 [duplicem
555 263 706 304 constituturus
723 265 809 303 seorsim
825 264 941 316 ordinem).
971 261 1014 313 Teis
1028 266 1066 325 pair

71 342 120 396 (his
137 343 233 397 quitiam
254 356 301 383 nos:
317 345 352 384 teu
366 339 444 391 (dinen)
462 338 531 395 Pfflssi
548 342 617 382 ἴθΰᾶὓὶ
633 344 694 383 “flius
711 343 982 396 P1‘0P055fiP‘ffseverantia
999 361 1065 403 emine

71 421 127 461 eirca
143 434 209 461 unum
226 433 327 461 summurn
340 420 420 460 bonum
439 423 516 468 (uuum
532 419 631 473 idemque
652 421 777 462 continuum
795 422 877 462 bonum
892 436 954 476 opus,
975 440 990 465 s.
1006 419 1065 487 ἔργον

70 494 134 558 Κυρίου
151 500 179 540 ef,
188 498 199 537 Ι
209 497 258 537 Cor.
267 497 314 549 XV,
321 496 356 537 58.
372 497 439 551 Apoo.
450 497 517 549 XXII,
526 497 561 550 12,
576 512 630 538 max.
640 499 697 539 Phii
707 497 724 549 i,
732 498 752 538 6.
767 498 788 537 ΙΙ
796 499 868 540 Thess.
878 499 895 552 I,
906 501 944 552 11)
954 512 1063 560 occupata,

68 578 123 632 juste
139 577 251 632 rependet
258 578 357 632 glorium
373 578 504 625 (beatitatem
517 582 538 616 et
549 577 667 617 claritatem
678 576 775 617 eoelestis
786 583 870 630 status),
885 579 990 623 laetiorem
1005 584 1063 638 (pata

69 669 177 708 mamque,
195 669 244 696 oum
259 656 352 695 omnium
367 656 459 709 gaudio,
474 656 549 696 victori
564 656 675 704 tributam]
693 658 714 693 et
730 654 917 701 iinmertalt'tctiem
934 659 1001 714 (omui
1013 663 1063 705 labe

68 738 88 773 et
104 733 232 774 detrimento
248 734 395 786 superiorem),
411 733 490 785 quippe
505 732 541 784 qni
557 736 615 778 (enm
631 732 726 771 sensibus
743 732 901 789 desideriisque,
917 743 961 779 tum
977 742 1063 794 agendo

68 812 221 867 patiendoque]
236 816 342 852 aeternam
357 811 421 849 vitam
436 810 500 849 solam
516 814 616 864 appetant
632 815 653 850 et
669 810 768 851 ainbiant.

165 891 206 931 Est
218 903 268 930 vero
278 889 317 929 hic
329 889 409 929 animus
420 902 509 942 superna
521 890 675 941 quaerentium,
692 891 729 930 ubi
743 890 837 932 Christus
851 895 887 945 sit,
903 896 995 949 ipsorum
1011 913 1060 940 vera

66 972 115 1021 vita,
131 983 174 1023 quo
191 967 277 1007 tandem
295 982 305 1007 u
311 968 428 1021 gloriosum
435 980 445 1005 u
463 968 634 1020 inconspectum
645 968 750 1019 veniente,
766 974 787 1013 et
801 971 843 1023 ipsi
859 985 906 1011 cum
922 975 958 1015 itio
973 990 993 1016 se
1009 978 1060 1032 glo}

65 1051 133 1089 riosos
143 1048 273 1100 patefactum
284 1047 310 1086 iri
321 1050 378 1087 certo
388 1046 501 1086 confidant.
518 1044 575 1100 (Coi.
585 1044 623 1096 iii,
635 1044 701 1085 1-6,
718 1045 765 1086 Joa.
775 1046 811 1099 VJ,
820 1047 856 1088 27.
866 1049 901 1090 411.
917 1052 984 1105 xvii,
993 1056 1013 1095 3.
1023 1055 1060 1098 22.

65 1127 121 1168 Phil.
132 1126 173 1177 iii,
184 1124 205 1165 8.
216 1125 250 1165 ld.
271 1125 332 1164 Rom.
342 1123 368 1174 V,
379 1122 408 1163 21
425 1119 503 1177 awa)
519 1146 549 1154 -
569 1122 631 1162 idem
647 1137 698 1164 vero
711 1123 779 1177 judex
799 1128 866 1168 alteri
876 1133 943 1183 parti
962 1129 1013 1186 [τοῖς
1029 1128 1058 1183 dd,

65 1207 128 1247 epam
143 1205 231 1245 seorsim
247 1201 407 1255 accipiendum,
427 1205 462 1244 beu
477 1200 569 1253 dilituit)
590 1204 688 1256 perinde
707 1210 806 1257 reponet,
828 1212 893 1262 etque
909 1210 1058 1266 deliquerunt.

64 1284 107 1324 Pro
118 1284 213 1336 ipsorum
224 1281 278 1320 euim
290 1272 335 1337 (ἐξ)
346 1280 425 1320 rixosa
440 1284 461 1319 et
475 1293 558 1320 morosa
569 1284 646 1331 mente,
662 1283 695 1321 sui
707 1284 814 1324 commodi
824 1290 844 1324 et
848 1286 1009 1343 saiotitoaorts
1024 1297 1058 1333 te-

64 1374 131 1412 nuee,
148 1361 220 1411 inique
236 1360 269 1399 uel
281 1359 389 1399 doctrinae
406 1359 442 1398 vel
453 1360 541 1398 maxime
556 1360 651 1399 moribus
665 1361 799 1402 obtrectandi
813 1364 901 1416 cupida,
917 1366 983 1413 [haec
999 1372 1057 1410 enim

64 1452 141 1495 graece
154 1437 231 1478 dicitur
244 1425 346 1496 ἐριθεῖω),
361 1437 401 1476 iilis
417 1436 491 1476 itidem
506 1437 537 1475 ira
553 1442 573 1475 et
588 1437 649 1491 rigor
662 1437 745 1479 divinae
753 1439 848 1492 justitiae
861 1446 975 1500 continget.
1000 1447 1055 1489 Eam

64 1524 132 1560 autem
147 1516 217 1556 innuit
236 1515 350 1554 animorum
367 1513 510 1565 affectionem,
529 1527 591 1568 quam
611 1520 662 1555 tuno
683 1516 769 1568 quidem
783 1522 908 1576 praecipue
929 1523 951 1563 in
967 1526 1055 1571 dutiaeis

60 1598 160 1650 adeoque
179 1589 217 1640 τοῖς
233 1586 257 1634 ἐκ
272 1586 374 1653 aspiratis
394 1592 507 1633 notandam
528 1606 614 1645 eamque
635 1596 746 1649 evangelio
763 1600 957 1649 perniciosissimam
973 1617 1056 1659 cogno.

83 1806 96 1844 *)
112 1787 173 1838 Koitai
182 1810 204 1833 ne
215 1800 241 1832 hic
254 1789 319 1840 quidem
328 1797 373 1830 atiud
382 1797 420 1829 nihi
430 1788 502 1837 videtur,
514 1808 561 1839 quam
572 1798 617 1840 quod
628 1799 697 1831 assolet:
707 1803 801 1842 scrinulum,
814 1805 877 1845 aeqtudi
887 1807 936 1838 modo
947 1790 1052 1846 accomodatev

143 1862 165 1893 ad
175 1860 199 1901 id,
214 1860 258 1902 quod
270 1859 346 1901 capimus.
368 1858 397 1890 llio
408 1858 451 1890 enirn
466 1845 552 1908 ἇπαμονῆ
568 1860 630 1900 (saneti
640 1860 708 1892 instituti
718 1862 818 1903 constantia)
834 1874 897 1906 semper
907 1876 967 1900 summu
977 1870 1052 1905 iniaude

142 1920 239 1953 christianae
253 1917 359 1969 perfeetionis
371 1919 424 1960 posita
438 1920 505 1960 primum
520 1909 542 1966 τῇ
555 1905 601 1968 digit
616 1919 640 1950 3Ῑῦ
654 1921 751 1961 fesiifflidssta
767 1927 785 1954 ¹1²
798 1924 879 1965 ἰ11511ΜΠ
893 1927 913 1959 511
924 1912 1051 1982 &diffidit

142 1980 191 2013 all-ms,
201 1979 272 2011 commit]
278 2002 283 2018 a
298 1985 332 2011 tum
341 1967 363 2024 τῇ
373 1966 427 2028 τιμῇ,
442 1989 483 2020 quae
494 1989 573 2020 nunquam
588 1979 619 2010 nisi
630 1979 699 2012 assiduis
710 1986 726 2012 et
738 1981 817 2016 adfinem
830 1986 954 2026 perdurantibus
968 1994 1051 2037 contingit,

140 2044 224 2081 posu-emo
230 2036 254 2085 ppt
260 2025 380 2094 ὧφθοιξσῖξι,
391 2044 469 2081 perpetuo
477 2040 563 2071 etimmoto
570 2043 648 2070 aeternae
654 2039 700 2071 vitae
708 2042 761 2081 statui,
766 2043 826 2075 ntnitrii
832 2045 938 2089 possitmagis
944 2054 1050 2093 respondere.

81 2130 100 2170 ⁰)
115 2129 208 2169 Plerosque
223 2137 279 2159 omnes
295 2133 358 2161 constat
372 2112 480 2180 [wqtdtoit.
496 2129 557 2160 reterre
572 2127 594 2159 ad
608 2113 718 2174 dardahe,
734 2140 744 2161 a
759 2141 791 2172 quo
805 2136 857 2165 tamen
872 2136 919 2169 nimis
934 2141 1006 2174 avulsum
1020 2149 1049 2176 995,

139 2187 206 2221 Deinde
217 2197 238 2218 ne
249 2187 269 2218 ad
280 2197 326 2219 usum
337 2189 401 2230 quidem
412 2190 438 2221 isti
455 2198 472 2221 se
482 2188 534 2221 verbo
545 2187 653 2235 iaeiieaptot.
681 2189 756 2230 Accedit,
773 2192 817 2232 quod
827 2194 857 2225 tria
867 2198 974 2236 praemiorum
985 2202 1048 2235 immor.

141 2247 197 2279 talium
208 2246 274 2277 uomina
289 2246 333 2286 (vid.
340 2248 376 2286 jam
385 2257 401 2280 v.
410 2248 433 2280 10.
448 2246 506 2279 iren.
512 2244 525 2285 1,
535 2246 550 2277 7.
558 2247 583 2278 23.
598 2247 620 2287 V,
628 2247 643 2278 4.
659 2247 709 2280 Hebr.
720 2248 741 2288 li,
752 2251 766 2282 7.
775 2251 789 2282 9.
804 2250 856 2285 iCor.
864 2254 893 2296 IX,
904 2258 928 2289 25.
943 2258 977 2291 Joa.
988 2260 1007 2300 ii,
1018 2263 1048 2304 26)

140 2308 201 2350 optime
211 2306 232 2338 ad
242 2288 342 2340 <ireddere
353 2306 437 2346 quadrant,
448 2317 481 2339 non
491 2307 529 2339 item
539 2305 560 2337 ud
570 2293 657 2357 ζητοῦσι,
664 2309 690 2341 eui
702 2309 766 2350 quidem
775 2311 815 2345 nihii
824 2313 881 2346 meiius
890 2326 937 2357 quam
947 2301 987 2370 ζωήἱ
993 2306 1048 2359 oiseii.

141 2368 224 2400 convenit.
255 2366 331 2407 Denique
346 2376 422 2407 quorsum
434 2368 457 2399 ita
467 2367 533 2399 distorta
544 2367 639 2408 significatio
650 2369 719 2409 partium
728 2369 785 2410 judieii
797 2375 921 2408 contrariarum?
942 2378 964 2411 Gi.
977 2391 1049 2427 evange.

140 2427 174 2459 lica
187 2428 279 2470 simplicitas
292 2426 366 2459 locorum
380 2426 435 2458 itiaun
447 2426 483 2466 VH,
494 2427 519 2458 ei.
533 2425 586 2466 XXV,
598 2428 617 2459 31
627 2436 647 2458 st.
663 2427 708 2467 XVI,
719 2429 744 2460 et.
760 2429 796 2461 toa.
807 2430 828 2470 V,
839 2433 863 2466 99.
881 2432 895 2465 11
903 2434 939 2468 Cor.
951 2436 971 2477 V,
984 2442 1010 2480 103
1027 2445 1047 2478 ai¹

141 2486 229 2527 speramus
236 2486 317 2529 equidem,
326 2487 475 2528 interpretationem
482 2495 531 2527 supra
541 2479 675 2540 aequipetere
685 2487 812 2522 indiminutum
821 2501 875 2526 suase
886 2496 993 2534 concinnitate
1005 2513 1048 2537 eom.

141 2545 261 2586 mendatorum,
274 2553 307 2580 tum
317 2547 393 2590 praesidii
403 2545 487 2588 plurimum
497 2556 507 2578 a
516 2556 563 2589 prox.
572 2548 594 2581 V.
604 2550 707 2582 inventuram
718 2560 758 2582 ense.
789 2572 791 2575 ·

834 2616 849 2656 7
