2250 2884
487 70 655 112 ..21-

174 193 249 248 Neque
259 201 297 234 sua
308 192 360 232 huic
371 192 502 245 perversitati
512 204 582 246 poena
597 190 666 231 defuit
679 183 765 238 [noddo
776 213 805 222 -
817 185 929 251 trepidaret
941 206 960 233 v.
969 192 1067 248 28-·un,)

71 272 148 312 Passus
169 277 200 313 est
219 274 275 313 enim
294 271 352 311 Deus
371 271 430 310 abire
451 283 497 322 eos,
517 272 580 310 immo
600 270 691 311 tradidit
706 270 765 310 velut
779 273 922 314 excaecandos
937 275 960 314 in
974 280 1069 317 mentem

71 342 180 410 οἰὲὄκνμον,
202 343 312 402 stolidam,
332 351 401 403 probo
418 349 446 388 de
461 349 523 389 rebus
540 348 616 389 divinis
632 355 653 389 et
668 349 766 389 humanis
778 349 862 403 judicio
878 351 959 393 inanem
974 368 1068 410 suaeque

71 432 163 472 maxime
174 430 275 485 propriae
287 429 358 470 salutis
369 429 534 469 oontemtricem.
564 427 654 487 Faciunt
665 433 746 479 autern,
762 441 813 481 quae
824 430 893 482 ipsos,
904 432 983 474 scilicet
995 428 1068 490 popu-

72 511 115 551 innr
130 511 178 551 Deo
195 522 278 550 sacrum
297 512 318 549 et
333 508 428 562 gentium
447 519 534 548 numero
549 511 667 559 exemerim,
688 508 826 548 cummaxime
845 507 954 551 dedeceat.
992 513 1066 562 Quid?

70 588 93 628 in
109 601 172 628 omne
187 600 253 641 genus
269 587 389 639 criminum,
409 586 498 627 maxime
514 584 614 625 odiorum
630 589 651 624 et
667 585 746 625 interni
762 584 845 627 discidii
866 588 909 635 (cf.
924 589 967 631 Tit.
980 589 1024 644 ΙΙΙ,
1040 592 1066 647 3)

0 718 1 722 Ἰ
70 664 175 719 projecti3
198 666 349 719 quantumlibet
367 677 419 717 prae
438 663 523 715 reliquis
544 663 641 703 omnibus
658 663 700 703 Dei
716 675 782 716 grave
799 665 822 703 in
837 665 943 707 maleficos
958 668 1067 722 judicium

26 730 28 733 ’
71 740 173 789 (Denter.
189 743 277 795 XXVII,
293 741 337 792 26)
355 729 464 791 noverint,
487 752 530 779 non
548 741 614 780 modo
634 745 719 794 patrant
737 740 827 796 flagitia,
848 748 999 788 verumetiam
1019 750 1067 790 aliis

70 822 251 863 committentibus
268 820 414 861 assentiuntur.
444 819 478 858 Eo
492 819 586 859 vesaniae
603 818 719 860 deventum
734 824 764 860 est
778 821 834 875 apud
849 836 892 876 eos,
908 826 944 878 qui
960 816 1066 879 ἐπίγνωσιν

71 884 119 940 &aad
137 900 227 954 jactant.
267 898 294 938 In
312 898 369 939 hunc
384 897 470 938 modum
484 897 516 936 ira
530 895 571 937 Dei
586 897 662 950 patefit
681 897 705 937 in
720 911 781 938 ornae
795 899 904 942 hominum
917 917 983 957 genus
999 889 1066 948 effusa

72 982 100 1027 [v.
111 978 151 1028 18]
167 992 234 1031 eoque
250 978 330 1029 acrior,
350 990 392 1030 quo
407 976 476 1029 major
490 975 582 1015 veritatis
598 974 636 1014 lux
652 975 704 1028 ipsis
719 984 803 1029 praesto
820 978 878 1029 siai)

173 1056 229 1097 Jam
250 1057 364 1111 igiturex
383 1056 478 1096 instituto
499 1053 609 1094 hactenus
629 1052 707 1093 Paulus
730 1055 843 1109 cujuslibet
863 1060 948 1112 generis
968 1060 1065 1104 homines

72 1133 128 1175 nihii
143 1134 223 1175 habere
240 1135 342 1187 ostendit,
365 1134 423 1188 quod
442 1132 544 1187 impietati
559 1145 608 1172 suae
628 1136 754 1185 praetexant
773 1140 794 1174 et
814 1149 855 1189 quo
875 1139 902 1179 ab
918 1139 1066 1194 indignatione

72 1213 113 1254 Dei
135 1218 199 1266 atque
217 1212 318 1254 vindicta
333 1225 378 1252 sese
397 1211 523 1252 subducant.
569 1211 642 1260 Quare
662 1210 722 1264 quod
741 1212 809 1265 priori
829 1199 990 1270 ejusirnaginis
1010 1222 1067 1273 parti

73 1291 102 1346 [v.
112 1290 214 1344 19-27)
230 1292 358 1342 inseruerat,
374 1286 408 1337 εἷς
423 1288 450 1331 sd
465 1283 513 1331 siau
528 1283 599 1336 oa’vruic
615 1284 783 1343 ἀναπολογήτους,
798 1294 911 1345 posteriori
927 1296 987 1348 eique
1001 1297 1066 1351 plane

73 1370 180 1411 conformi
200 1369 292 1424 adjecit:
317 1359 356 1411 bo*
369 1361 516 1421 ἀναπολόγητος
530 1360 554 1409 ε’ἵ.
596 1368 652 1408 Dum
672 1369 727 1410 haec
746 1383 789 1409 uno
808 1376 880 1410 tenore
901 1372 971 1426 legas,
992 1378 1067 1431 capitis

72 1449 162 1490 incisum
181 1448 235 1489 nihil
250 1453 354 1500 moratus,
375 1453 468 1488 extrema
487 1449 556 1489 omnia
575 1448 685 1502 imprimis
705 1448 727 1487 in
743 1446 837 1489 Judaeos
858 1449 948 1502 intendi,
968 1466 1018 1505 quos
1037 1469 1066 1496 ne

72 1538 130 1567 nuuc
150 1525 237 1579 quidem
256 1526 340 1566 nomine
359 1526 469 1581 insigniat,
491 1531 548 1567 certo
570 1525 660 1566 videbis.
695 1524 742 1575 Quo
762 1526 818 1566 enirn
837 1532 901 1581 pacto
921 1528 959 1570 hic
978 1538 1066 1586 repente

75 1604 152 1645 incidit
168 1606 247 1645 mentio
263 1596 297 1644 ni
310 1599 412 1663 κρίνονπςὲ
442 1604 471 1644 At
480 1603 535 1643 nihii
544 1602 581 1643 hic
596 1604 703 1657 repentini
717 1604 752 1644 vel
761 1606 851 1658 abrupti.
880 1607 939 1656 Quid
950 1610 1004 1650 enirn
1015 1617 1066 1664 erat,

74 1694 111 1722 cur
127 1684 165 1724 sub
181 1697 222 1723 uno
235 1684 330 1724 contuitu
346 1684 430 1737 generis
446 1683 533 1724 humani
547 1683 703 1723 universitatem
718 1683 822 1737 poneret?
852 1684 957 1727 Nimirum
967 1688 1010 1731 hoc
1021 1696 1067 1731 erat

95 1898 109 1937 ‘)
123 1896 150 1929 Na
162 1897 231 1938 dubium¹
239 1898 304 1940 quidem
315 1896 353 1929 mihi
363 1896 436 1936 uidetur,
452 1897 490 1938 quin
502 1906 520 1929 ν.
531 1898 550 1929 tt
565 1897 585 1930 de
595 1897 662 1930 Judaeis
677 1902 739 1931 tanturn
753 1909 803 1932 verus
816 1901 845 1940 sit,
859 1910 911 1943 neque
924 1900 985 1934 Paulus
997 1907 1041 1936 cene
1055 1914 1066 1936 a

154 1957 220 1989 lecturis
229 1958 261 1990 bos
271 1967 300 1991 νν.
308 1958 369 1989 58-52
379 1956 412 1988 aiio
423 1956 480 1988 referri
490 1966 539 1998 posse
550 1958 641 1999 suspicatus
651 1958 677 1991 sit.
699 1949 836 2009 Δνκοοῖονμοο
846 1961 889 1992 enirn
898 1950 938 1996 aad
948 1949 1013 2007 θεοῦ,
1024 1963 1040 1997 h.
1051 1976 1065 1998 e.

154 2019 213 2050 settara
226 2022 243 2049 at
252 2019 281 2058 jue
294 2017 354 2049 sommi
366 2017 397 2048 Dor*
410 2020 462 2048 ratum
476 2021 552 2059 canaque
563 2018 601 2059 lege
611 2019 730 2061 promulgatum
745 2020 793 2061 (Luc.
803 2020 815 2061 1,
825 2022 839 2054 6.
852 2021 902 2054 Heba
910 2022 942 2062 IX,
953 2025 967 2055 1.
976 2025 1000 2056 10.
1016 2025 1064 2058 Rom·

156 2074 177 2114 11,
185 2075 210 2107 26.
223 2074 268 2115 Vlli,
276 2075 300 2114 4.)
310 2085 332 2108 ue
342 2078 418 2118 poteraut
429 2075 493 2116 quiden
503 2076 575 2117 reliquae
586 2082 643 2119 gentes
653 2079 730 2116 novisre;
747 2078 796 2119 quid?
807 2088 827 2111 ne
836 2080 991 2121 sapientissimorum
1001 2085 1065 2126 quidem

157 2133 231 2173 cuiquam
238 2131 255 2163 in
262 2133 392 2172 mentemuenit‚
402 2142 481 2173 bavaros,
491 2132 568 2176 lascivos,
579 2136 704 2176 obtrectatores,
714 2125 854 2177 immisericordes,
865 2143 1071 2180 pareutumcontemtores.

156 2189 280 2232 atsnperbos(
273 2189 347 2230 (td—82)
359 2195 409 2222 morte
420 2190 547 2256 dignoscerem
561 2202 593 2224 nee
604 2194 656 2235 ipsam
666 2194 854 2237 voceminteliigebant3
876 2197 1064 2240 (Scripramautemex-

156 2251 217 2284 stabat:
229 2234 331 2291 duodo-ac
339 2233 431 2292 dovitae
426 2233 712 2305 κρῖμοονοονᾷοδὶνοοοιῶοοοινον)
725 2242 850 2305 ζήσεται
841 2263 859 2290 εν
867 2243 926 2304 didus
939 2257 979 2292 Lev
986 2260 1045 2302 xviii
1055 2265 1065 2296 5

157 2311 196 2352 al.;)
220 2310 279 2342 nedum
296 2294 335 2344 dm
347 2298 420 2355 ytdt'nc
434 2312 481 2352 (cum
497 2313 617 2354 approbatione
632 2314 723 2347 accuratius
736 2316 834 2357 agnouisse)
853 2316 948 2350 dicerentur
962 2336 981 2343 -
995 2320 1066 2356 Accedit

157 2370 202 2413 quod
212 2370 251 2402 bis·
246 2371 285 2412 ipsis
296 2369 378 2402 coloribus
388 2372 447 2404 Jodaei
456 2373 524 2405 maxime
535 2374 601 2417 depingi
613 2374 674 2413 sobna
688 2374 718 2408 eir
729 2377 801 2417 mesine,
812 2387 854 2419 quae
864 2387 902 2411 mox
911 2379 944 2420 ipse
954 2378 973 2412 P
983 2380 1066 2423 subjectu-

158 2442 186 2464 rus
197 2417 484 2479 erat111‚10—18(rd;sv']d
464 2438 515 2480 νομῳ
525 2442 542 2466 v
552 2434 578 2475 19)
592 2433 691 2475 liberali
701 2436 726 2476 15,
738 2436 772 2477 (ubi
782 2437 825 2470 istud
834 2427 948 2504 &comptis
959 2452 976 2474 ν.
983 2443 1003 2474 50
1013 2446 1065 2487 expli·

156 2491 284 2533 aaronitae),
295 2491 423 2533 uallta-
438 2491 487 2531 Quod
500 2498 553 2527 autem
566 2485 990 2550 assendenteseosdemcontinunxprrerrdicit
1006 2514 1065 2546 magna

155 2547 238 2590 empireus
248 2555 278 2587 est

852 2630 868 2677 e
