2250 2884
485 100 707 143 *19—·

72 225 124 266 citer
139 227 213 265 testem
228 224 318 265 adhibet
333 235 412 273 eorum,
429 233 481 275 qnae
495 220 548 262 fides
563 234 621 262 mera
636 227 657 261 et
670 221 755 272 integra
770 217 857 278 efficiat,
874 218 908 263 [ut
918 210 1010 267 justitio
1021 212 1066 254 Dei

70 303 165 356 adeoque
180 315 223 343 non
235 302 344 342 interitura
354 300 407 340 salus
425 298 562 353 compareat.)
593 299 628 338 En
638 305 713 339 statum
724 311 739 336 s.
752 296 861 336 cardinem
873 295 939 335 totius
954 290 1065 346 epistolae,

70 394 132 435 quem
143 382 218 421 iterum
230 379 270 431 ΙΙΙ,
283 378 312 419 21
323 393 367 433 sqq.
383 378 508 434 explicatius
520 379 626 432 proponit,
644 378 743 430 deinceps
758 389 783 417 ex
795 375 932 416 interioribus
944 371 1063 413 rationibus

64 458 126 512 fidei
130 457 243 512 justitiam
253 459 387 512 expositurus.
412 458 445 499 Eo
456 459 511 499 enim
520 470 591 510 usque,
601 470 644 497 non
654 456 768 496 deflectens
778 454 804 495 de
814 455 856 505 via,
866 452 904 493 sed
912 451 1064 505 impedimenta

2 556 8 593 5
69 540 115 579 viae
137 539 248 590 ameliens,
272 537 373 579 fiduciam
393 538 483 579 Judaeis
501 537 613 593 propriae
629 523 733 588 justitiae
754 533 866 586 praecidit.
902 531 1063 586 Expericntiae

5 598 8 660 i
71 618 126 656 enim
141 617 273 669 testimonio,
288 619 330 658 sive
343 618 430 658 veritate
443 629 514 656 rerum
525 615 662 655 humanarum
677 615 700 654 in
710 612 781 653 medio
793 614 874 667 posita,
891 624 974 651 omnem
986 606 1063 661 cnjus-

4 679 7 741 i
71 693 124 735 litet
142 694 244 747 hominis,
265 708 317 749 ergo
333 695 411 735 Judaei
428 707 525 746 quoque,
544 694 623 734 fastum
642 691 742 733 retundit.
778 691 799 731 is
820 691 877 731 enim
897 702 941 730 noo
960 688 1002 729 solt
1019 685 1066 729 Det.

5 764 7 829 i
69 774 162 828 gratiae
179 775 201 814 in
217 773 305 814 Christo
321 773 429 812 exhibitae
445 771 533 811 salutem
548 785 570 811 se
586 773 664 812 debere
679 770 811 821 autumabat,
827 769 865 810 sed
880 780 916 808 suo
931 768 987 807 m'tae
1003 765 1063 805 insti-

70 855 116 891 tuto
132 864 147 890 a
158 851 267 906 profanis
281 849 386 905 gentihus
401 855 467 890 cante
483 854 569 890 secreto
580 850 659 903 aliquid
671 849 742 889 dabat.
767 848 825 899 Quid
835 848 902 902 igitur
912 846 990 886 Paulus
1001 843 1062 898 agit?

71 930 119 980 Quo
134 929 188 969 nihil
202 932 286 982 poterat
301 926 413 967 efficacius.
446 927 533 967 Prorsus
550 928 606 967 enim
619 925 720 980 ejusdem
736 932 757 968 et
770 926 891 982 impietatis
903 930 924 965 et
938 922 1062 975 injustitiae

70 1011 100 1055 [v.
117 1006 156 1056 18)
171 1007 300 1046 universam
315 1005 374 1045 nullo
391 1004 512 1046 discrimine
527 1005 635 1046 hominum
650 1001 798 1061 gebusaeum
813 1004 911 1057 peragit,
928 1015 998 1042 coram
1014 1000 1061 1040 Deo

68 1086 126 1141 juste
140 1085 261 1126 vindicante
277 1072 360 1143 [0¹3de
388 1084 456 1124 itaut
471 1083 565 1124 Judaeos
581 1085 678 1125 consulto
693 1097 720 1123 ne
737 1084 823 1143 nomine
840 1081 928 1135 quidem
947 1080 1063 1132 distinguat

70 1168 93 1212 (a
104 1177 122 1203 r.
138 1162 167 1203 18
180 1176 247 1216 usque
260 1162 288 1202 ad
305 1166 356 1201 extr.
368 1161 402 1215 c.)
432 1161 493 1202 Haec
508 1169 577 1203 auteur
582 1193 588 1214 ‚
604 1168 709 1217 utcunque
724 1162 809 1215 pridem
828 1161 952 1202 obscuriora
967 1157 1062 1209 adeoque

70 1242 141 1292 dubia,
155 1254 214 1281 nono
228 1241 300 1295 iqasom
313 1240 410 1293 patefieri
423 1230 601 1295 (annuentium,
613 1256 631 1282 r.
642 1241 681 1294 18)
698 1248 719 1282 et
735 1245 808 1294 aperte
822 1240 899 1293 cuique
911 1235 1062 1292 cognoscenda

71 1333 127 1371 esse,
147 1319 195 1358 luce
216 1318 320 1373 evangeiii
337 1319 392 1359 vices
408 1319 510 1359 humanas
527 1320 670 1377 colhrstrante‚
698 1321 735 1360 cfr.
755 1319 783 1358 de
803 1333 828 1358 ea
844 1330 866 1358 re
888 1317 975 1357 effatum
995 1314 1061 1368 ipsius

3 1399 6 1412 ¹
40 1404 41 1407 ’
71 1396 150 1438 Christi
165 1396 261 1447 doassi,
277 1395 372 1436 19-21,
388 1396 429 1446 36;
446 1397 502 1437 adde
511 1398 567 1452 Eph.
577 1397 603 1450 V,
616 1398 712 1438 11-13.
720 1395 742 1451 ⁹⁶]
773 1396 970 1451 Promrdgatenim,
986 1404 1062 1434 omnes

70 1474 159 1527 perinde
174 1473 281 1525 homines,
302 1474 340 1513 etsi
361 1473 449 1515 dirersis
470 1474 550 1527 modis,
571 1477 628 1516 asub
645 1476 719 1516 eodem
735 1480 826 1530 peccato
843 1489 904 1515 esset
927 1471 977 1527 (ΠΙ,
992 1470 1017 1523 9)
1040 1472 1062 1509 et

4 1564 5 1567 ¹
69 1552 214 1605 resipiscentia
229 1565 292 1606 egere
307 1547 419 1607 (praetrita,
439 1553 512 1593 Actor.
526 1552 564 1605 ΙΙΙ,
579 1553 613 1594 lo.
630 1556 680 1595 coll.
694 1554 761 1606 XVII,
775 1555 823 1608 30).
852 1554 896 1594 Nisi
913 1553 968 1593 euim
984 1561 1061 1603 pecca-

70 1635 125 1670 tores
141 1630 237 1683 adeoque
251 1631 331 1684 perditi
342 1645 412 1671 omnes
427 1633 554 1684 sisterentur,
566 1632 648 1686 justitia
663 1645 706 1672 sua
721 1634 790 1684 vacui,
807 1647 876 1687 neque
892 1648 904 1672 a
915 1631 1005 1686 justitia
1020 1632 1061 1673 Dei

69 1722 135 1761 neque
152 1722 164 1748 a
179 1709 248 1762 gratia
263 1710 364 1749 auxilium
380 1711 405 1749 iis
420 1711 535 1764 petendum
549 1711 610 1751 foret.
644 1709 721 1751 Omnes
737 1716 806 1750 nutem
822 1712 869 1765 pari
886 1712 908 1751 in
927 1712 989 1764 culpa
1008 1716 1062 1762 sunt,

70 1786 127 1839 quod
142 1789 260 1827 veritatem
275 1788 324 1840 ipsis
341 1789 415 1840 utique
431 1788 602 1847 cognoscendam
617 1790 724 1830 detineant
740 1784 854 1844 (κατέχειν)
871 1795 933 1843 atque
950 1791 1061 1830 debilitent

71 1864 98 1904 ob
119 1864 207 1904 eandem
228 1863 359 1918 irp'ostitinm
379 1871 400 1905 et
419 1866 592 1907 inobedientiam.
629 1867 703 1922 itaque
723 1870 801 1910 Paulus
823 1870 850 1909 de
870 1870 962 1910 humano
981 1882 1060 1923 genere

71 1943 132 1996 plane
152 1943 174 1981 in
193 1944 311 1983 universum
330 1944 434 1997 loquitur,
456 1944 535 1997 quippe
555 1945 591 1997 qui
610 1945 650 1985 Dei
666 1927 732 2001 ipsius
750 1949 778 1989 de
795 1950 841 1989 ulto
857 1950 917 1990 coeio
934 1949 1061 1991 aestimatio-

71 2033 118 2060 nem
133 2020 241 2060 hominmn
254 2022 317 2062 nullis
332 2024 465 2062 terrestribus
482 2027 503 2062 et
518 2024 614 2076 perituris
633 2025 728 2066 confiniis
748 2027 808 2079 quasi
833 2027 950 2067 distrahere
971 2032 991 2067 et
1011 2040 1065 2080 pere

68 2150 324 2160 ...u—m...-

93 2237 108 2275 *)
119 2220 176 2286 ὀργῆ
184 2219 238 2278 θεοῦ,
246 2242 287 2275 quae
293 2232 314 2263 ob
320 2233 401 2273 injostz'tr‘a
408 2240 424 2268 et
429 2220 525 2289 daddtiqt
531 2238 567 2279 (m,
572 2239 599 2279 22)
605 2249 686 2280 nunquam
692 2239 787 2283 sejungitur,
793 2241 875 2282 (queraris
882 2252 917 2274 cum
922 2228 1058 2292 patpodoptiqt

149 2294 183 2327 Dei
193 2291 288 2359 copjuncto,
300 2301 317 2324 v.
328 2292 348 2332 ΙΙ,
359 2294 369 2324 4
380 2299 397 2326 et
406 2295 435 2336 tx,
446 2297 474 2337 92)
489 2306 522 2328 non
535 2306 587 2336 voco,
601 2298 631 2330 sed
643 2298 663 2329 ab
675 2303 735 2331 erema
747 2301 836 2341 opponitur
848 2310 870 2348 'sp
881 2288 990 2348 δικαιοσύνῃ
1001 2291 1057 2338 dead.

149 2340 188 2389 Aa.
198 2340 278 2405 eupator]
288 2356 341 2384 autem
356 2353 397 2393 (non
408 2356 490 2396 pateherh
501 2356 537 2396 scd)
550 2367 586 2388 osse
598 2363 614 2390 et
624 2359 695 2390 exerceri
709 2359 725 2391 h.
733 2359 744 2392 l.
755 2359 814 2393 dicitur
824 2361 883 2394 eodem
893 2363 940 2404 piano
951 2372 1009 2402 senso,
1024 2373 1058 2404 quo

148 2414 176 2446 Ps.
183 2413 228 2454 XIV,
235 2415 249 2445 2.
260 2411 302 2453 mh,
311 2413 324 2443 3.
336 2411 369 2452 011,
378 2414 403 2445 20.
414 2414 471 2454 (Zach.
483 2426 497 2447 a.
503 2417 526 2448 IX
536 2417 627 2450 hiessiouo:
640 2418 728 2451 aielrovne
740 2425 765 2452 est
775 2421 832 2452 ocutos
843 2421 937 2463 [spectator]
948 2421 1058 2463 hominunm.)

150 2473 179 2511 xi,
189 2475 205 2506 4.
226 2474 296 2507 Omnino
307 2478 359 2506 auteur
370 2485 447 2515 praeseus
458 2476 526 2508 verbum
538 2477 625 2517 expendas.
647 2475 681 2509 Pro
695 2478 755 2510 usitata
768 2479 811 2510 enim
824 2480 956 2521 interpretatione
971 2480 1058 2512 dicendum

148 2531 214 2627 pidotur
224 2520 376 2583 οἱπεκαλῦφθη,
389 2535 416 2567 rel
427 2539 494 2577 propter
503 2546 531 2569 rr.
543 2538 632 2580 esqrtiraadt
646 2547 694 2569 causa
705 2538 779 2578 additos,
794 2541 863 2571 urarioro
873 2540 901 2579 24,
912 2540 940 2580 26,
951 2541 979 2572 28:
993 2530 1057 2594 nespi-

161 2597 204 2626 wat.
224 2591 251 2624 Ps.
262 2592 338 2633 xxxin,
349 2594 368 2626 13
379 2603 400 2626 ss.
