2250 2884
2 200 13 255 {il
61 211 107 247 tum
129 203 254 246 circumcidi
276 215 350 250 carne,
377 203 423 239 tum
444 198 584 252 popularibus
609 199 707 239 omnibus
729 198 831 239 institutis
856 199 937 239 initiari
959 199 1064 241 volebant.

3 268 12 321 ,i
63 287 131 338 Quam
146 285 201 324 enirn
220 282 278 336 quasi
295 277 435 318 domesticam
450 276 538 315 salutern
558 276 639 330 sibique
655 283 700 316 tam
716 281 780 329 pacto
800 291 863 331 quarn
879 279 974 331 ipsorum
989 280 1065 319 merito

11 403 12 406 ,
61 364 169 420 propriam
183 362 297 408 censerent,
313 371 359 396 eam
371 369 418 396 cum
428 355 547 407 peregrinis
562 353 604 394 hac
620 355 685 394 modo
702 354 752 408 lege
765 359 867 408 tanquam
882 357 909 396 de
920 371 956 398 suo
968 371 1066 399 commu-

62 447 173 494 nicabant,
197 444 220 479 ut
235 439 251 477 ii
267 438 293 476 ab
309 437 360 490 ipsis
381 439 443 474 antea
458 449 479 474 se
496 432 594 486 adoptari
616 439 636 472 et
652 435 708 473 intra
723 433 821 487 legitima
837 435 928 475 civitatis
942 436 983 476 Dei
1004 442 1066 492 septa

62 522 142 564 includi
162 519 259 558 sinerent.
300 514 375 568 Neque
396 514 437 554 suis
458 513 540 553 scilicet
562 514 686 553 comnenus
707 514 838 565 nitebantur,
864 514 902 554 secl
921 514 1022 556 mandato
1043 522 1065 557 et

61 599 192 658 praescripto
208 595 273 649 ipsius
288 593 334 634 Dei.
372 593 416 643 Qui
431 591 585 632 beneficiorum
601 591 753 632 immortalium
772 597 836 646 atque
855 592 910 632 adeo
930 595 1063 647 praesentiae

63 693 111 721 suae
126 676 181 715 haec
196 674 241 727 ipse
255 673 352 727 pignora.
362 685 406 711 esse
423 671 523 711 voluerat.
554 669 640 709 Habere
658 670 726 723 igitur
742 669 835 711 Judaeos
847 672 932 725 utique,
948 685 984 713 cur
1001 687 1065 727 supra

61 755 205 810 praeputiatos
216 765 261 792 sese
270 751 390 800 eveherent,
408 753 428 787 et
438 748 588 801 praerogativa
599 762 634 787 sua
644 748 792 801 gloriarentur.
823 749 874 791 Huc
884 751 976 791 maxime
986 752 1064 793 Paulus

61 834 153 876 veritatis
170 832 237 872 aciem
253 829 328 881 dirigit
344 832 365 867 et
381 827 438 868 circa
453 826 510 866 hanc
523 839 606 866 causam
621 832 667 867 tota
679 827 723 881 ejus
736 828 849 883 disputatio
863 836 961 872 versatur.
992 833 1064 886 Atque

8 894 10 938 ἶ
61 913 98 953 illa
114 911 199 965 quidem
215 910 242 949 de
258 920 336 961 genere
353 907 384 947 sic
400 920 421 946 se
438 907 523 945 omnino
539 906 619 945 habere
634 907 762 960 Apostolus,
782 914 806 948 ut
822 911 857 962 qui
873 923 912 951 nec
928 912 973 964 ipse
989 913 1064 966 magni

7 1002 8 1041 ᾖ
61 991 150 1031 nominis
165 987 275 1028 Israelitici
291 991 353 1039 atque
370 985 513 1025 institutorum
528 985 569 1024 Dei
585 985 648 1024 fuerit
663 986 786 1036 inmemor,
807 988 899 1040 ingenue
915 988 998 1030 fatetur.
1033 991 1063 1031 At

61 1082 110 1110 vero
126 1069 159 1108 his
173 1068 224 1120 ipsis
240 1062 313 1119 positis
331 1064 437 1117 evangelii
453 1076 536 1103 eausam
551 1063 660 1116 praeclare
678 1065 793 1106 constituit.

161 1147 229 1186 Tlresi
251 1146 307 1184 enim
328 1156 407 1196 inagna
426 1142 463 1181 illa
483 1143 603 1195 proposita,
627 1143 660 1182 rel
681 1144 753 1196 potius
776 1145 851 1186 iterata
872 1146 936 1199 ipsius
958 1148 1063 1201 evangelii

62 1231 118 1280 [cap.
129 1226 168 1265 ΙΙΙ.
181 1229 251 1275 extra),
265 1223 297 1263 rob
313 1216 370 1278 νόμον
386 1221 417 1269 (h.
427 1220 440 1260 l.
450 1225 517 1260 totam
527 1221 699 1262 constitutionem
710 1223 812 1275 pristinae
822 1224 943 1278 religionis]
958 1240 970 1265 a
985 1240 1007 1266 se
1020 1240 1063 1267 non

61 1306 143 1345 aboleri
155 1304 232 1344 diserte
244 1302 350 1357 professus
366 1305 395 1349 [v.
407 1299 454 1351 31),
470 1299 508 1339 sed
519 1300 617 1352 stabiliri,
632 1301 654 1339 in
665 1299 724 1339 bunc
735 1300 781 1339 fere
796 1302 884 1342 modum
900 1297 1061 1357 argumentatur.

61 1385 116 1426 Sane
126 1384 212 1438 quidem
223 1381 333 1422 nitendum
346 1385 367 1421 et
376 1378 515 1420 insistendum
527 1380 556 1419 ait
565 1380 603 1419 illo
609 1380 722 1434 promisso
733 1378 775 1418 Dei
785 1380 807 1419 in
818 1380 964 1423 Abrahamum
977 1384 1062 1427 collator

62 1464 99 1505 sed
120 1478 144 1504 ec
165 1464 211 1517 ipso
233 1462 305 1503 salutis
328 1473 413 1502 causam
434 1458 547 1512 (gentibus
567 1459 665 1498 omnibns
686 1472 725 1512 per
745 1459 797 1500 Abr.
818 1461 949 1516 promissae)
972 1477 984 1502 a
1002 1464 1062 1505 nullo

61 1545 137 1584 merito
149 1556 189 1583 nec
200 1557 212 1582 a
222 1543 286 1594 stirpe
299 1540 400 1595 pendere,
417 1538 455 1578 sed
467 1552 479 1577 a
489 1551 547 1576 mera
555 1539 708 1592 promittentis
719 1539 790 1591 gratia
802 1544 823 1579 et
832 1541 946 1582 voluntate.
977 1542 1063 1585 Deinde

4 1657 5 1661 ,
61 1623 116 1663 illud
132 1636 215 1675 quoque
230 1634 326 1672 manere,
342 1620 447 1659 nerninem
458 1617 497 1657 nisi
511 1618 547 1670 qui
559 1617 584 1657 sit
595 1617 722 1658 Abraham
731 1616 809 1671 filius,
825 1622 913 1673 probari
928 1621 975 1662 Deo
991 1635 1063 1675 posse3

61 1702 99 1742 sed
116 1702 134 1742 si
150 1702 195 1754 quis
211 1701 345 1741 circumcisus
360 1699 435 1750 fuerit,
456 1697 547 1737 eundem
566 1708 609 1736 non
626 1688 726 1736 continuo
742 1697 866 1738 Abrahamo
881 1704 942 1753 patre
959 1701 1062 1756 gaudere,

62 1782 100 1822 sed
115 1782 151 1834 qui
166 1780 218 1820 fidei
234 1779 333 1819 Abrahae
348 1779 443 1832 vestigiis
459 1778 551 1826 insistat3
578 1775 636 1814 illum
653 1776 709 1815 enirn
724 1776 804 1829 ipsum,
827 1777 885 1831 quod
901 1778 971 1832 justus
991 1794 1063 1823 coram

62 1859 108 1899 Deo
124 1860 199 1911 fuerit,
219 1872 262 1898 non
278 1857 363 1898 aliunde
378 1858 453 1908 fuisse,
469 1857 510 1895 nisi
527 1868 552 1895 ex
568 1853 622 1904 fide‚
643 1858 707 1907 atque
723 1854 791 1907 ipsam
808 1857 992 1898 circumcisionem
1007 1873 1062 1900 non-

62 1939 101 1978 nisi
114 1937 215 1991 justitiae,
231 1951 284 1991 quae
299 1935 423 1992 perfidem
439 1938 523 1990 integra
537 1937 596 1984 esset,
613 1932 762 1986 obsignandae
775 1946 837 1974 causa
848 1936 932 1989 insuper
943 1939 1061 1980 accessisse.

63 2015 147 2071 (Neque
162 2028 212 2055 vero
226 2015 283 2056 hanc
298 2015 488 2057 circumcisionem
502 2026 546 2053 non
557 2011 615 2065 erigi
629 2024 642 2049 a
653 2010 707 2062 Deo,
724 2012 788 2052 immo
804 2014 884 2054 nullam
901 2016 945 2055 sine
962 2030 987 2056 ea
998 2016 1061 2071 justi-

62 2095 113 2135 tiam
129 2107 183 2145 esse,
198 2094 263 2134 modo
277 2095 314 2135 illa
329 2108 373 2134 non
388 2094 469 2147 specie,
489 2092 527 2133 sed
546 2092 567 2132 vi
588 2094 608 2130 et
626 2090 715 2129 veritate
731 2090 778 2141 liatj
804 2094 950 2134 attestantibus
966 2109 1009 2135 uno
1025 2110 1061 2137 ore

62 2159 124 2213 Mose
140 2186 165 2213 ac
179 2172 302 2225 prophetis,
323 2174 423 2213 nimirum
442 2177 466 2213 ut
484 2172 549 2213 corda
565 2172 619 2211 intus
636 2169 825 2231 circumcidantur
838 2172 905 2214 divini
922 2175 1006 2227 spiritns
1020 2187 1061 2227 po-

62 2254 133 2294 tentia.
153 2251 196 2292 vid.
210 2250 238 2302 Π,
254 2250 284 2290 25
299 2252 354 2305 sqq.)
392 2252 450 2292 Tum
465 2252 563 2307 Legem,
585 2263 647 2304 quom
669 2249 727 2289 domi
747 2249 852 2304 habeant,
874 2254 960 2293 omnino
979 2267 1060 2307 rernm,

63 2337 166 2383 sanctam,
187 2329 302 2384 spiritalem
324 2343 378 2381 esse,
403 2331 441 2371 sed
461 2345 486 2372 eo
506 2333 553 2385 ipso
574 2330 628 2370 nihil
647 2328 699 2369 lnric
720 2342 769 2369 cum
786 2344 868 2384 carne,
886 2332 908 2372 lr.
922 2347 939 2373 e.
955 2332 1061 2376 natalibus

62 2415 189 2465 naturaeque
206 2423 217 2448 a
232 2408 278 2448 Deo
294 2412 315 2448 et
329 2408 378 2462 lege
395 2423 476 2462 aversa,
492 2411 575 2464 negotii
591 2422 648 2457 esse3
670 2409 722 2463 quin
739 2422 785 2449 eam
799 2411 880 2450 irritam
895 2411 951 2462 fieri,
971 2412 1010 2452 ubi
1021 2414 1060 2454 sub

63 2491 149 2527 externo
166 2488 224 2528 cultu
240 2488 328 2529 animus
342 2488 412 2528 uetitis
427 2488 507 2538 inlriet3
522 2495 589 2529 ratam
604 2501 653 2529 vcro
667 2487 722 2539 fieri,
737 2488 774 2527 ubi
786 2489 860 2529 intimo
870 2490 954 2541 pectori
971 2487 1009 2546 (aqi
1024 2485 1059 2547 roi)

63 2565 180 2614 inhabitem
200 2567 291 2618 proinde
309 2568 364 2622 legis
386 2581 432 2608 eam
451 2566 516 2608 modo
536 2568 559 2607 in
577 2572 706 2622 perpetuum
725 2567 768 2608 rim
784 2581 838 2619 esse,
858 2579 901 2608 non
917 2572 940 2609 ut
962 2571 1059 2624 cuiquam

844 2646 858 2687 3
