2250 2884
491 20 658 62 „15-

79 144 111 193 ut,
129 140 173 193 sive
190 141 235 193 quis
246 140 377 183 Graecorum
390 155 478 182 numero
494 143 537 183 sive
552 143 691 183 barbarorum
707 144 822 193 censeatur,
839 139 883 195 (his
896 142 966 180 autem
979 137 1075 191 partibus

77 223 140 260 omne
155 218 266 262 homiuum
281 234 348 275 genus
363 219 632 274 includebant,]perinde
652 233 723 261 omnes
743 219 865 260 laetabilem
886 232 933 260 eam
956 216 1075 258 doctrinam

78 311 128 339 ase
143 300 226 353 possint
241 300 326 352 exigere
336 298 395 350 quasi
410 311 488 337 nomen
503 298 610 351 quoddam
627 291 740 356 [σ’φαλέτης
750 288 789 354 εἶμί
803 312 822 339 r.
833 296 880 350 14].
911 296 1017 337 Nimirum
1028 308 1075 357 eam

78 377 143 418 talem
159 391 214 429 esse,
230 377 384 430 quaequosvis
400 375 451 415 fines
466 375 510 416 huc
524 390 590 431 usque
603 377 658 419 fixos
672 379 736 433 plane
750 377 816 416 tollat.
848 374 921 425 Quid?
936 388 963 415 ne
980 388 1075 415 comme·

77 460 171 496 moratos
188 454 273 508 quidem
288 454 382 495 Judaeos
398 455 505 508 barbaris,
521 456 557 509 qui
572 460 623 496 tuno
638 455 769 507 dicerentur,
785 459 947 508 aggregaverat.
978 452 1075 493 Tametsi

78 534 275 587 igitur-populares
291 547 339 574 suos
355 534 417 574 etiam
439 532 466 574 ad
486 532 593 574 Christum
612 533 715 575 adductos
735 547 747 572 a
768 532 884 587 gentilibus
904 532 950 573 fere
970 531 1074 584 abstinere

1 663 10 670 .
78 612 163 664 sibique
179 611 260 665 aliquid
274 613 356 667 proprii
370 612 425 667 juris
441 625 541 665 arrogare
551 612 628 664 videat,
644 613 670 652 ab
681 625 707 652 eo
719 612 830 665 supercilio
845 624 866 651 se
877 610 945 663 longe
958 610 1074 650 abhorrere

30 709 32 711 ·
77 689 161 729 fatetur.
197 688 264 746 Immo
284 704 400 745 properare
420 704 442 730 se
463 690 491 729 ad
505 690 649 729 Romanorum
669 694 811 742 conspectum.
850 689 917 730 uNon
933 689 990 729 enim
1005 688 1074 743 pudet

6 754 10 762 .
77 781 112 811 me
128 768 186 808 illius
202 768 235 823 (r.
249 767 278 820 5)
300 767 406 821 evangelii
422 766 450 807 ad
465 772 538 820 gentes
553 767 697 819 perferendiu
730 767 828 808 Pudebat
845 772 916 809 autem
931 768 996 819 istos,
1017 766 1072 807 adeo

78 852 101 887 nt
116 848 170 888 ratio
184 846 278 900 justitiae
297 859 347 886 suae
366 847 415 900 ipsis
431 850 527 886 constare
544 859 587 886 non
602 846 720 900 videretur,
739 848 777 888 nisi
792 848 900 902 hodieque
914 848 998 902 priscae
1014 847 1071 900 legis

6 922 8 930 ’
69 925 218 978 ¹religionibus
229 924 384 977 acquiescerent
394 938 418 965 ac
428 925 502 965 saltem
511 929 570 965 vetus
581 937 668 978 operum
678 925 753 966 foedus
766 934 813 967 cum
824 939 880 966 novo
892 918 975 979 gratiae¹
981 925 1072 966 foedere

74 1003 199 1058 jungerent.
237 1003 308 1053 Quare
323 1004 416 1057 graviter
430 1003 508 1043 Paulus
523 1003 610 1054 effatur,
634 1004 694 1044 usclo
713 1018 812 1058 meroque
833 1005 944 1058 evangelio
960 1003 1071 1044 confiden-

78 1080 128 1121 dum
144 1080 279 1121 affirmansu:
301 1081 408 1122 Potentia
429 1088 463 1124 est
478 1082 523 1124 Dei
543 1081 590 1136 (illi
605 1087 674 1122 autem
694 1083 826 1136 evangelium
846 1083 950 1123 infirmius
971 1081 1071 1131 salvando

76 1159 158 1199 homiui
174 1158 290 1213 ducebant]
307 1161 441 1201 insolutam
457 1159 554 1213 [efficax]
571 1162 636 1210 omni,
652 1161 747 1214 quisquis
763 1167 800 1213 est,
815 1161 881 1201 modo
898 1162 1002 1203 credenti
1017 1162 1071 1216 (sive

77 1238 122 1277 sola
138 1237 190 1277 fidei
205 1251 245 1279 nec
261 1238 302 1278 alia
317 1253 359 1292 qua
374 1237 521 1292 conditiorre);
541 1252 582 1280 neo
597 1252 651 1280 vero
666 1240 739 1280 minus
754 1238 851 1280 Judaeis
868 1240 943 1294 (immo
958 1242 1071 1282 vocatione

73 1314 227 1371 principibus]
249 1329 315 1372 quom
332 1317 442 1369 Graecis,
463 1318 665 1370 utrosquesodales
681 1320 735 1358 inter
755 1332 777 1359 se
795 1318 896 1373 jungens.
935 1319 985 1369 Quo
997 1322 1071 1367 ,autem

76 1399 140 1447 pacto
156 1393 211 1434 salus
233 1397 301 1447 [quae
319 1397 399 1450 utique*
412 1410 485 1437 eorum
505 1401 547 1449 est,
569 1398 606 1450 qui
622 1412 695 1438 omues
709 1399 769 1439 aliter
783 1399 872 1452 perituri
888 1402 950 1448 sunt]
971 1398 1070 1439 omnibus

77 1472 178 1513 offeratur
193 1474 215 1512 in
231 1474 353 1527 evangelio,
370 1473 416 1528 jam
432 1476 531 1529 sequitur.
564 1474 674 1517 rJootitio
690 1478 746 1518 euim
761 1477 817 1527 Det,
836 1490 880 1517 non
894 1477 1007 1517 hominum
1022 1477 1069 1528 ista,

77 1566 132 1606 quae
151 1551 210 1591 nulla
229 1558 268 1603 est,
289 1551 316 1603 X,
328 1552 348 1592 3.
364 1552 420 1592 Phil.
432 1552 471 1604 Ill,
483 1552 508 1603 9,
525 1553 548 1593 in
564 1567 588 1594 eo
604 1555 722 1596 revelatur·
738 1570 766 1597 err
776 1555 830 1608 fide
847 1554 973 1609 infidemu
1007 1556 1072 1606 Quaevv

75 1636 184 1686 postrema
199 1630 264 1670 verba
284 1629 336 1682 quid
356 1629 378 1670 h.
394 1614 632 1686 l.significaresolu1n
650 1635 742 1687 possint,
764 1647 790 1674 ex
807 1639 853 1674 toto
873 1639 948 1674 tenore
969 1633 1069 1673 orationis

76 1712 153 1763 cuique
169 1707 286 1762 apparebit.
317 1707 420 1748 Nimirum
435 1709 458 1748 in
473 1723 498 1749 eo
515 1714 545 1749 est
557 1709 591 1761 P,
612 1716 634 1751 ut
649 1711 692 1751 fide
709 1711 763 1763 sola,
779 1711 837 1752 nullo
854 1710 938 1752 adscito
954 1711 989 1752 vei
1004 1712 1070 1751 iuter-

74 1790 145 1844 posito
160 1786 227 1842 Legis
244 1786 411 1839 complemento,
431 1787 507 1828 servari
522 1787 629 1828 homiuem
643 1788 760 1842 praedicet.
800 1788 863 1831 Nunc
878 1790 970 1830 maxime
987 1790 1069 1830 dixerat

75 1860 168 1920 mviii}
184 1862 298 1914 narnium
323 1878 392 1918 nequae
412 1863 455 1905 hoc
471 1866 490 1905 ei
505 1866 601 1917 sufficit.
626 1866 675 1906 Jam
696 1869 750 1908 enirn
771 1869 863 1910 animum
883 1869 977 1921 induxit,
997 1881 1069 1909 veram

73 1946 189 2003 justitiam,
206 1958 221 1984 α
230 1944 279 1985 De'o
291 1943 354 1983 iliam
365 1942 477 1983 nobiscum
488 1946 683 1996 comorunicotom,
699 1947 816 1999 celebrare,
834 1962 887 2000 quae
899 1947 952 1999 fide,
969 1952 1069 2000 tanquam

74 2022 181 2065 interioris
197 2021 252 2061 vitae
267 2021 346 2072 anima,
366 2025 412 2060 tum
426 2021 550 2075 recipiatur,
571 2027 616 2063 tum
632 2025 748 2077 excolatur,
769 2032 814 2066 tum
829 2026 959 2079 perficiatur.
998 2026 1068 2076 Quare

75 2100 127 2157 quid
142 2111 220 2152 quaeso
235 2102 306 2150 potest
322 2098 375 2138 illud
391 2113 416 2139 eo
432 2101 579 2141 sententiarum
595 2106 693 2143 contextu
708 2104 747 2144 sibi
762 2104 826 2156 velle,
842 2106 882 2145 nisi
900 2104 960 2158 quod
975 2103 1000 2145 A.
1011 2103 1068 2147 Ben-

74 2179 145 2235 gelius
162 2174 244 2215 dudum
259 2174 324 2215 vidit:
347 2181 372 2232 ut
385 2190 472 2219 meram
486 2178 552 2220 fidem
568 2180 630 2222 dicat.
674 2181 784 2235 uNamque
797 2182 891 2236 justitia,
913 2196 968 2236 quae
984 2195 1009 2221 ex
1023 2181 1066 2221 fide

75 2262 105 2299 est
121 2253 270 2307 (enascitur),
285 2254 378 2295 subsistit
393 2257 415 2296 in
431 2257 492 2299 fider
526 2240 612 2313 Ailegat
626 2260 688 2301 etiam
702 2260 802 2301 Hebraea
817 2275 843 2302 ex
859 2262 962 2303 IOhron.
975 2260 1067 2310 xxiia

73 2337 137 2389 plane
153 2333 235 2374 similia.
255 2354 285 2363 --
306 2331 437 2375 Confirmare
453 2341 521 2376 auteur
541 2335 599 2378 hamc
615 2350 696 2378 sensum
710 2339 819 2392 videntur,
842 2355 896 2394 qnae
917 2341 1018 2381 continuo
1041 2353 1067 2380 ex

73 2413 181 2468 propheta
193 2412 286 2467 adJ'ecit.
327 2409 419 2452 Omnino
439 2416 495 2454 enim
514 2414 581 2455 Paulo
603 2430 686 2470 quoque
705 2424 788 2459 maneat
810 2433 834 2460 ea
855 2420 931 2460 horum
950 2419 1066 2460 verborum

73 2491 208 2547 conjunctio,
224 2504 286 2544 quam
302 2489 413 2530 manifesto
428 2489 528 2533 Hebraea
543 2493 639 2548 flagitant
654 2500 716 2551 atque
732 2497 819 2551 linguae
833 2498 891 2551 leges
908 2496 975 2538 solam
989 2500 1066 2550 ferunt,
