2250 2884
55 230 182 277 perpetuum
194 224 250 275 ratis,
267 224 359 278 quisquis
373 238 411 265 suo
427 223 502 263 merito
515 222 639 264 adsalutem
650 222 754 275 adspirat,
771 225 797 264 ab
814 225 871 264 omui
883 225 917 264 ‘sui
930 223 1054 278 cognitione
1106 245 1123 282 n?

1109 147 1123 214 Ξ

1106 214 1123 244 ,ᾗῇ

56 303 88 342 ita
104 308 133 343 est
149 315 238 353 aversus,
254 309 277 343 ut
292 316 331 355 pro
346 309 424 343 'vesano
439 302 484 341 iere
500 302 612 343 habendus
629 303 673 342 sitss'
697 296 773 343 Sacris
786 311 840 343 'vero
863 308 883 342 et
900 300 1057 354 expiationibus
1107 298 1119 315 ³*

57 379 104 420 Deo
116 381 219 433 acceptis,
234 380 345 434 inquibus
360 383 430 422 omnia
440 382 481 422 sint
496 382 558 421 unius
572 381 624 433 Dei,
640 382 771 422 acnullunr'
780 389 876 422 nostrum
891 378 1057 432 supplicantium

57 458 162 510 meritum,
178 463 248 498 tamen
264 459 350 514 gloriari
365 460 427 512 velle,
443 473 511 513 eaque
527 454 615 513 operum
631 448 715 518 (ἔργων)
732 463 818 501 nomine
832 460 879 501 Deo
894 454 955 511 quasi
965 469 1058 509 expensa

59 539 124 589 ferre,
133 538 221 577 nimium
231 542 331 591 quantum
343 538 478 578 absurditatis
491 538 563 578 habet.
594 537 623 578 Et
638 544 668 579 est
678 539 736 579 haec
748 538 835 591 quidem
844 528 932 578 illailla
943 527 1055 581 daarorv‘rn
1122 565 1124 569 .

61 617 88 671 (s.
99 609 110 665 ἦ
121 607 144 657 ἐκ
156 611 213 670 vtpoe
224 606 262 668 d),
278 615 299 655 in
309 617 504 670 quamgravissime
520 617 647 657 invehuntur
662 616 763 671 apostoli,
780 630 823 656 uon
842 630 884 669 qno
901 628 957 656 nune
973 615 1058 655 deinum

62 697 171 750 patefacto
192 694 303 748 cvangelio
325 695 385 734 irrita
404 695 462 734 faeta
478 695 515 746 sit,
541 708 566 734 eo
587 707 722 749 verensque
738 707 778 748 pro
799 698 919 746 temporum
935 694 1017 734 ratione
1031 697 1059 732 et

62 774 178 816 secundum
188 773 280 827 legalem
291 772 428 825 disciplinam
437 773 508 825 proba
518 776 539 811 et
549 778 688 812 consentanea
696 773 770 821 fuerit3
786 772 823 812 sed
834 785 887 824 quae
895 772 944 812 talis
954 773 987 822 sit,
998 776 1021 812 ut
1031 771 1057 811 ab

63 854 120 894 omui
136 852 186 892 inde
199 857 295 903 tempore
310 851 377 890 inanis
393 851 456 890 fuisse
473 856 494 889 et
510 851 623 889 aventato
639 848 772 889 abhorruisse
789 856 902 891 censeatur.
933 850 1060 902 Quanquam

63 933 107 973 hoc
121 943 194 970 verum
210 933 253 979 est,
266 928 300 967 ab
317 927 430 981 evangelio
445 926 501 966 hane
517 928 582 967 nostri
595 928 757 981 'nostrormnque
777 941 866 981 operum
885 927 985 969 fiduciam
1006 928 1060 969 adeo

65 1010 187 1060 abhorrere,
203 1014 268 1048 utne
285 1007 355 1060 specie
372 1005 459 1058 quidem
475 1004 547 1058 aliqua
562 1019 583 1045 se
599 1004 738 1046 commendet.
769 1005 856 1059 Legalis
873 1008 928 1047 euim
942 1007 1060 1061 disciplina,

65 1088 158 1142 quamvis
180 1087 264 1139 etipsa
278 1085 376 1124 niteretur
392 1083 436 1122 fide
451 1083 558 1136 promissis
574 1082 615 1123 Dei
636 1083 761 1136 foederique
775 1083 887 1135 habenda,
910 1086 974 1125 etad
990 1099 1061 1126 eorum

67 1170 163 1207 eventum
177 1169 222 1204 tota
237 1163 354 1213 referretur,
370 1160 470 1201 facienda
484 1161 568 1202 interim
582 1162 688 1216 permulta
701 1161 809 1215 sigillatim
821 1160 962 1216 praescripsit,
979 1178 1062 1216 cavens,

66 1257 94 1285 ne
114 1244 175 1284 factis
193 1245 307 1296 peccarent
325 1239 432 1292 homines,
458 1245 524 1293 utque
545 1241 648 1294 obsequio
664 1239 813 1295 kadsnefierent.
852 1240 975 1294 Praeterea,
996 1241 1062 1282 modo

69 1327 127 1364 certa
148 1335 185 1375 spe
206 1320 233 1360 ad
253 1320 324 1361 futura
343 1318 472 1370 tenderent,
504 1318 683 1360 sacrasaciendo
706 1319 849 1372 praeformata
869 1321 962 1360 veritate
975 1320 1023 1374 ipsa
1042 1324 1063 1359 et

68 1401 134 1442 salute
150 1400 229 1440 Christi
244 1396 549 1452 quodammodofruebantur.
586 1396 615 1435 At
635 1402 696 1445 certe¹
710 1397 829 1450 periculum
849 1403 905 1449 erat,
925 1411 952 1437 ne
972 1398 1024 1451 ipsis
1040 1397 1063 1438 in

69 1481 168 1534 operibns
184 1479 225 1518 sibi
240 1478 349 1530 placerent
364 1474 461 1528 adeoque
470 1474 505 1514 ,de
520 1474 564 1525 fide
577 1474 723 1516 ‚detraherent
761 1475 901 1530 Evangelium
916 1489 966 1516 vero
981 1475 1064 1528 praeci-

68 1573 136 1615 puum
146 1558 190 1598 hoc
200 1563 262 1608 atque
275 1557 400 1608 perpetuum
411 1552 488 1602 habet,
505 1551 564 1604 quod
574 1551 684 1606 justitiam,
698 1567 751 1607 quae
762 1554 809 1593 Deo
820 1554 929 1608 probetur,
939 1555 1028 1594 nonnisi
1039 1566 1065 1593 ex

70 1637 114 1677 fide
125 1635 232 1690 proficisci
242 1633 341 1683 inculcat,
354 1632 442 1672 testibus
453 1630 539 1684 eJ'usrei
550 1629 652 1671 adhibitis
662 1632 712 1685 lege
723 1633 805 1685 ipsa‘et
813 1632 929 1686 prophetis¹
941 1632 1014 1686 (nont
1025 1632 1065 1685 III,

69 1715 107 1757 21.
123 1714 159 1755 22.
181 1714 218 1754 cfr.
228 1713 305 1753 Actor.
321 1709 348 1761 X,
363 1709 411 1763 43).
446 1707 538 1749 Unicam
558 1708 614 1748 enirn
630 1707 725 1750 Christus
740 1709 910 1764 De0⁵=plaoendi
924 1712 1027 1751 rationem
1043 1713 1066 1752 in

70 1794 142 1835 medio
158 1794 243 1847 posuit,
265 1803 318 1844 quae
339 1794 370 1828 est
390 1787 444 1826 fides
462 1786 503 1840 ipsi
518 1785 624 1825 habenda.
665 1787 784 1840 Nequcea
798 1788 861 1843 hujus
876 1790 960 1829 illiusre
975 1790 1066 1843 apostoli

72 1872 168 1914 doctrina
180 1871 226 1922 fuit,
242 1868 280 1909 sed
296 1866 410 1908 communis
428 1866 526 1905 omniurn.
557 1864 610 1904 Erat
624 1863 680 1905 enim
694 1865 748 1905 lraec
763 1866 813 1906 ideo
830 1867 959 1921 evangelica,
974 1867 1017 1908 hoc
1029 1873 1066 1919 est,

72 1950 176 1990 laetabilis
197 1948 304 1997 doctrina,
327 1943 385 1998 quod
404 1943 513 1983 hominum
533 1942 560 1982 de
577 1943 643 1984 salute
664 1956 700 1983 sua
721 1943 859 1985 sollicitorum
880 1958 904 1985 ac
927 1948 1066 2000 satagentium

73 2030 153 2067 mentes
164 2027 232 2068 ,solius
248 2025 299 2064 fidei
316 2025 372 2077 lege,
389 2021 474 2062 Christo
488 2021 613 2072 habendae,
629 2021 657 2061 ad
673 2027 751 2062 certam
769 2035 828 2076 spem
843 2022 948 2065 beatitatis
965 2026 1066 2078 erigebat.

72 2104 179 2158 Numquid
197 2104 241 2144 hoc
260 2106 304 2143 erat
326 2102 398 2154 legem
418 2099 551 2153 abrogasse?
591 2099 659 2140 Immo
681 2100 792 2140 constabat
812 2102 875 2141 etiam
893 2105 939 2141 tum
959 2116 996 2143 sua
1015 2102 1068 2144 huic

72 2184 167 2225 instituto
179 2183 238 2232 ratio,
254 2194 307 2233 quae
317 2180 350 2220 vel
360 2178 510 2219 submittendis
525 2178 572 2218 Deo
588 2179 667 2229 animis,
684 2178 717 2217 vel
734 2177 839 2219 desiderio
855 2180 1068 2232 salutisimbuendis,
1108 2177 1110 2180 ’

73 2264 107 2303 vel
122 2261 150 2301 ad
164 2260 265 2314 pietatem
279 2258 352 2297 leniter
369 2255 493 2307 excitandis
510 2257 544 2296 vel
564 2257 654 2310 denique
675 2255 819 2297 adumbranda
835 2256 914 2298 Christi
935 2257 1004 2310 gratia
1022 2258 1068 2310 jam

73 2339 179 2393 praesenti
196 2336 342 2378 contineretur.
373 2335 469 2374 Alteram
484 2347 534 2376 vcro
550 2336 573 2375 in
587 2339 670 2388 partem
686 2335 785 2388 abrogari
801 2340 822 2374 et
843 2336 901 2374 irrita
919 2334 965 2373 fieri
983 2336 1068 2377 omniuo

73 2420 140 2461 videri
154 2421 246 2473 poterat.
268 2415 346 2471 (Rom.
363 2414 395 2466 X,
411 2416 432 2457 4.
453 2400 500 2457 Act.
516 2413 582 2465 Xlll,
598 2412 650 2467 39.)
687 2413 745 2454 Nihil
766 2415 821 2453 enim
836 2412 905 2465 magis
920 2413 1069 2466 pervulgatum

75 2504 120 2539 erat
134 2498 188 2537 falsa
202 2497 241 2537 ista
257 2493 400 2535 aestimatione
416 2493 483 2547 legis,
499 2494 579 2547 quippe
595 2507 635 2546 qua
651 2505 740 2547 operose
756 2489 859 2531 servanda
874 2503 895 2530 se
910 2489 957 2529 Deo
972 2492 1069 2531 reconci-

73 2579 120 2619 liari
136 2589 160 2617 ae
176 2575 246 2616 salutis
263 2575 372 2627 compotes
390 2575 448 2612 certo
463 2571 509 2611 fieri
528 2569 640 2626 jactarent.
691 2569 725 2609 Eo
747 2573 816 2609 antem
838 2567 891 2609 nihil
905 2569 975 2610 valere
991 2571 1070 2623 legem,
