2250 2884
474 68 641 108 „ao-

63 186 155 238 partium
171 185 216 239 ejus
229 184 294 224 modo
310 184 437 238 aliquarum,
452 184 491 225 sed
506 188 591 228 solidae
602 199 718 243 veraeque
729 188 849 229 voluntatis
859 187 904 229 Dei
922 187 1055 242 rrconseeto-‘l

65 276 130 315 reso,
145 277 203 303 suum
212 263 257 316 legi
272 262 372 306 habuisse
384 264 485 304 honorem
498 265 659 319 judicabuntur.
680 265 798 320 Chrysost.:
813 260 849 306 oda
863 255 967 315 ἐκβάλλω
980 251 1010 305 οὖν
1019 261 1053 305 adr
1124 265 1125 292 ἶ

66 338 135 398 νόμον
149 338 211 383 tana
225 335 268 382 noti
283 332 372 383 ἐντεῦθεν
387 333 479 384 denatat
495 343 524 397 (Ι,
540 343 574 384 16.
584 343 621 383 17,
645 344 674 397 II,
690 344 734 398 1⁰]
750 346 779 386 aa
794 338 848 398 ltin,
864 357 954 398 quorum
971 356 1052 384 causam
1123 354 1125 356 “

66 420 193 461 stabiliendo
209 419 320 474 evangelio
336 425 410 461 contra
424 420 489 461 falsos
503 422 558 476 legis
574 424 715 473 aestimatores
728 436 776 476 ago.
807 424 858 465 Scio
869 421 974 475 equidem,
988 421 1055 461 immo'
1124 430 1125 445 ³

66 499 156 551 ipsemet
171 501 204 546 (c.
218 497 243 551 l]
258 496 335 549 modo,
351 498 409 551 quod
423 512 455 538 res
470 504 511 551 est,
527 512 552 539 ex
567 501 661 539 instituto
678 499 1053 554 demonstravi„hucusque‘reliquas
1124 489 1125 499 ἶ

67 582 153 632 gentes,
169 590 235 636 aeque
250 576 380 638 pt3ipeorum
394 579 493 628 vestram,
508 576 620 630 injustitiae
635 576 750 617 colluviem
765 578 833 618 fuisse.
869 580 898 620 At
914 579 940 619 de
956 591 981 618 eo
1000 580 1061 625 status

67 670 138 698 rerum
154 669 259 709 nunquam
274 654 327 695 mihi
341 656 449 696 vobiscum
464 655 491 695 lis
506 656 546 695 fuit
561 667 601 695 nec
615 654 689 694 futura
703 657 739 694 est.
771 653 875 696 Convenit
884 658 940 697 enim
951 658 1005 697 inter
1015 668 1054 695 nos

68 737 162 790 egregie.
194 734 237 774 Sed
253 733 312 786 quod
328 735 446 789 evangelio
461 733 645 788 negatispurgari
660 733 706 773 illas
721 727 846 786 gentes,'in
861 733 903 774 boc
918 735 1005 787 quidem
1020 747 1054 774 re-

67 813 186 866 fragantem
196 825 229 852 rne
238 811 328 862 habetis,
343 810 466 866 ubicmque
482 811 579 851 locorum
594 812 655 851 mixti
671 824 697 851 ex
709 810 795 851 Judaeis
810 817 830 852 et
846 812 970 866 alienigenis
983 816 1054 853 coetus

68 895 155 931 exstant.
186 890 266 931 Verum
276 890 332 930 enirn
346 903 397 930 vero
411 888 468 942 quod
479 889 551 943 legem
562 901 598 928 vos
609 889 710 941 gentibus
726 889 947 944 colendamjactatis,
962 890 1017 930 bene
1032 889 1056 930 id

68 968 163 1021 quidem,
172 968 281 1022 iidemque
291 969 366 1022 optimi
375 973 437 1008 testes
447 979 493 1005 cum
503 966 612 1020 evangelii,
622 970 666 1019 tam
676 966 782 1026 μαρτυρίου
791 970 858 1008 nostri
867 969 889 1022 (I
896 969 952 1009 Tim.
957 968 985 1020 II,
994 967 1015 1009 6.
1020 966 1061 1017 ¹7Jr

68 1045 134 1086 modo
147 1059 213 1086 unum
225 1045 268 1086 hoc
282 1047 362 1085 sincere
377 1043 509 1094 concedatis,
524 1034 660 1091 attenuavit
674 1058 692 1084 τ.
702 1057 717 1085 ν.
730 1044 776 1084 Deo
791 1046 905 1097 probatum
919 1048 952 1086 iri.

173 1138 183 1163 a
191 1125 246 1164 liam
259 1124 316 1165 enim
328 1137 394 1180 quum
404 1123 444 1177 ipsi
456 1123 552 1176 gentiles,
565 1124 601 1174 qui
611 1122 695 1176 Legem
706 1123 804 1163 divinitus
815 1124 971 1177 promulgatam
982 1116 1056 1178 [viper]

68 1214 113 1241 non
127 1200 220 1242 habeant
234 1207 308 1242 natura
328 1205 428 1255 (perse,
449 1206 471 1240 ut
485 1205 606 1251 nascuntur,
626 1206 658 1240 ut>
664 1206 765 1254 gentes),
784 1201 857 1252 iidem
867 1201 912 1255 jam
927 1205 1056 1254 perpetrant,

71 1292 125 1332 quae
139 1279 189 1333 lege
206 1276 317 1331 jubentur:
338 1278 437 1332 deinceps
455 1279 471 1318 ii
486 1278 583 1331 quidem,
604 1278 699 1331 quamvis
715 1277 797 1331 Legem
815 1278 874 1318 illam
895 1292 938 1318 non
957 1277 1057 1329 habeant,

69 1356 233 1408 praestantiores
247 1355 290 1396 hoc
306 1356 353 1409 ipso
368 1356 475 1396 videntur:
495 1357 534 1410 ipsi
550 1356 616 1407 enim,
636 1356 707 1408 quales
727 1368 770 1394 non
785 1356 839 1407 nati„
861 1355 899 1396 sed
918 1356 985 1395 renati
1003 1360 1056 1405 sunt,

71 1433 155 1473 sibimet
171 1438 219 1474 sunt
234 1434 280 1474 vice
295 1433 360 1488 legis:
375 1438 447 1487 utpote
458 1434 503 1486 qui,
519 1433 614 1473 destituti
625 1432 712 1486 quidenna
725 1413 849 1473 adumbrata
858 1433 898 1473 ista
907 1432 961 1485 legis
972 1432 1057 1481 littera,

70 1502 119 1555 rem
134 1512 207 1566 ipsam
221 1512 371 1565 veritatemque
386 1502 466 1570 (ἶργον,
481 1524 534 1563 opus
549 1512 629 1564 ipsum,
646 1510 705 1566 quod
717 1510 779 1564 jubet
794 1510 843 1566 lex)
864 1511 1004 1566 exprimant,
1024 1511 1058 1549 in-

72 1589 173 1642 scriptam
189 1590 280 1643 quippe,
296 1589 353 1642 quod
367 1589 434 1629 solurn
449 1589 526 1642 agitur,
541 1591 602 1635 (teste
617 1588 682 1630 Mose
698 1594 719 1629 et
735 1589 913 1643 prophetisJ‘suis
924 1590 946 1629 in
959 1589 1058 1630 cordibus

71 1668 162 1709 intimis:
182 1667 212 1707 ita
226 1672 250 1707 ut
264 1668 391 1708 conscientia
406 1668 498 1720 ipsorum
514 1667 652 1707 assentiatur·
667 1666 708 1706 Dei
722 1666 832 1717 voluntati,
848 1666 949 1719 adeoque,
966 1668 1004 1707 etsi
1019 1681 1058 1720 per

72 1748 127 1801 legis
142 1746 224 1786 tabulas
243 1759 286 1785 non
305 1746 348 1786 sint
363 1743 497 1797 judicandi,
517 1744 563 1796 ipsa
577 1756 623 1798 per·
642 1757 666 1784 se
685 1744 773 1786 consilia
786 1745 861 1785 mentis
881 1750 902 1785 et
918 1746 1058 1799 cogitationes

35 1860 37 1864 .
73 1825 169 1878 singulae
195 1823 323 1864 accusationi
353 1820 463 1874 [futurae]
489 1821 530 1861 sint
552 1819 586 1861 vel
611 1821 675 1860 etiam
700 1820 819 1862 defensioni
843 1824 865 1862 in
887 1823 922 1862 die
943 1823 991 1872 illa,
1018 1836 1058 1875 qua

72 1902 130 1943 Deus
149 1900 223 1941 abdita
241 1913 370 1953 quorumque
390 1898 587 1948 sensa'homioom,
612 1909 698 1950 quoquo
717 1898 802 1938 nomine
822 1903 929 1950 notantur,
945 1898 1059 1952 judicabit,

74 1992 118 2020 non
139 1979 251 2019 secundum
270 1979 324 2031 legis
343 1979 425 2018 tabulas
444 1979 480 2018 uni
500 1977 559 2031 genti
578 1974 606 2014 ad
625 1978 710 2027 tempus
729 1976 859 2027 propositas,
885 1976 923 2016 sed
943 1977 1059 2018 secundum

73 2057 219 2112 evangelium
239 2054 338 2097 omnibns
355 2054 459 2111 gentibus
480 2069 491 2095 a
511 2068 545 2094 me
560 2052 730 2107 promulgatum,
754 2065 797 2092 non
816 2066 857 2106 qno
876 2067 945 2094 meum
964 2056 1002 2107 sit,
1021 2056 1059 2096 sed

74 2136 129 2178 Jesu
144 2135 208 2188 ipsius
218 2132 297 2174 Christi
310 2136 331 2171 et
339 2132 436 2183 Domini,
448 2146 493 2187 per
508 2145 572 2187 quem
587 2145 634 2171 eam
643 2130 786 2171 universarum
796 2132 890 2184 gentium
901 2144 985 2173 causam
996 2145 1057 2185 agon

174 2211 290 2263 Perspicua
305 2211 353 2251 satis
368 2210 451 2252 videtur
469 2210 524 2251 haec
539 2210 581 2251 loci
597 2207 717 2262 gravissimi
734 2207 864 2260 explanatio,
885 2223 950 2262 quae,
969 2216 992 2250 nt
1007 2208 1060 2250 mihi

75 2305 120 2332 sese
141 2290 179 2330 diu
194 2288 304 2328 meditanti
322 2289 382 2328 unice
402 2289 508 2341 probavit,
532 2287 560 2326 ita
578 2287 613 2326 vel
633 2300 645 2325 a
666 2285 806 2327 concinnitate
825 2288 975 2328 sententiarum
990 2288 1028 2327 vvel
1048 2301 1060 2328 a

76 2371 147 2424 graeci
162 2367 262 2410 sermonis
277 2367 405 2420 proprietate
421 2368 496 2421 cuique
511 2379 539 2417 se,
553 2377 622 2419 spero,
639 2364 685 2416 ipsa
698 2365 860 2406 commendabit.
891 2366 963 2406 Pauca
978 2365 1060 2406 interim

76 2448 182 2491 addamus.

172 2525 255 2569 Locum
265 2522 294 2565 ad
300 2520 394 2577 'gentiles
405 2522 526 2565 idololatras
534 2523 608 2565 referri
619 2521 699 2585 solere,
714 2521 748 2561 vel
758 2521 819 2574 pueri
827 2520 900 2562 sciunt.
931 2522 973 2572 Qui
985 2534 1060 2575 recep.
