2250 2884
68 199 144 254 ltaque
164 212 226 252 saepe
246 198 328 238 1111111
349 201 390 250 est,
411 202 445 249 ut,
468 199 590 252 quicunque
613 211 687 239 1111111
708 199 805 240 institutis
822 197 924 242 Mosaicis
945 203 1069 246 obstinatius

70 280 205 328 insistebant,
226 279 320 317 caeteros
338 274 462 329 judicarent
482 276 567 317 divinae
585 277 641 331 legis
663 283 816 332 contemtores,
839 280 897 333 quod
919 288 993 324 contra
1011 285 1070 326 haud

29 404 31 408 .
70 359 133 414 pauci
152 370 236 409 eorum,
257 357 293 410 qui
310 353 395 409 ,rejecto
415 357 455 396 isto
476 356 562 397 servitio
582 356 692 399 liberalius
712 360 767 399 vitae
788 360 905 401 institutum
925 368 1069 416 sequerentur,

68 437 155 488 illorum
170 436 326 489 simplicitatem
342 438 363 473 et
379 434 550 488 superstitionem
565 436 686 478 illuderent.

172 516 234 566 Quae
250 515 351 555 dissensio
367 518 412 555 tam
431 513 483 554 fidei
505 528 568 568 quam
587 515 654 555 amori
673 516 794 569 perniciosa
808 518 832 557 in
847 517 964 558 Romanam
985 532 1069 572 quoque

50 647 52 651 ι
70 596 183 637 ecclesiam
202 596 284 649 serpsit.
329 595 456 648 Quanquam
475 594 507 634 ibi
527 588 580 634 falsa
600 594 637 634 illa
651 594 706 648 legis
721 598 742 633 et
757 597 864 635 sacrorum
880 597 997 638 aestimatio
1013 598 1068 638 intra

68 672 202 730 judaicarum
217 674 320 728 partium,
335 686 391 726 quae
406 673 470 727 hujus
486 678 558 714 coetus
572 671 683 712 christiani
698 673 802 727 originem
818 674 859 714 sibi
872 675 998 727 tribuerent,
1014 675 1066 717 fines

70 755 184 795 substitisse
194 754 283 804 videtur.
308 752 371 793 Nulla
382 754 438 793 eninr
448 753 491 806 ejus
499 752 626 792 morositatis
635 753 670 793 111
679 753 813 807 arrogantiae
823 754 845 793 iu
851 754 968 806 gentilibus
978 755 1067 809 vestigia

68 837 177 884 notantur,
198 832 267 871 itaut
286 830 346 885 apud
361 831 470 872 Romanos
486 830 577 884 judaica
594 832 715 885 superstitio
730 832 796 872 multo
816 833 884 872 minus
898 836 950 873 tuuc
966 833 1067 874 evaluisse

68 910 174 962 videatur,
198 921 261 963 quam
280 910 304 949 in
319 908 402 951 Galatis
417 909 471 961 iliis,
490 921 534 948 non
549 907 644 961 judaeis,
660 908 699 949 sed
714 910 843 962 gentilibus,
857 910 937 951 factum
952 916 994 964 est,
1014 925 1067 965 quos

26 1046 28 1051 ,
67 983 147 1031 Paulus
167 990 284 1030 fascinatos
307 988 363 1044 (111,
383 988 408 1041 l]
428 1000 472 1027 non
491 985 582 1027 multum
604 1001 617 1027 a
635 987 721 1042 jactura
741 985 816 1029 salutis
836 1001 861 1029 ac
880 989 933 1029 fidei
953 993 1066 1046 naufragio

67 1070 162 1110 abfuisse
173 1073 346 1122 conquereretur.
377 1066 406 1106 Aa
417 1080 443 1107 eo
455 1066 540 1120 longius
552 1066 635 1106 Rornae
647 1080 660 1106 a
675 1080 696 1107 se
711 1066 803 1107 invicem
818 1066 925 1107 distabant
940 1070 1003 1110 binae
1018 1070 1067 1111 illae

67 1151 138 1201 partes
153 1151 216 1200 atque
231 1145 356 1198 intemperie
371 1145 478 1197 utrimque
500 1143 658 1196 delinquebant.
696 1143 753 1186 Huic
768 1145 823 1196 labi,
845 1159 899 1199 quae
920 1160 964 1187 non
982 1153 1066 1202 poterat

66 1239 112 1267 nun
131 1225 154 1265 in
175 1225 220 1265 dies
236 1225 395 1278 ingravescere,
408 1223 486 1263 Paulus
501 1223 584 1276 penitus
599 1221 681 1264 mederi
697 1223 730 1263 sui
743 1224 834 1264 muneris
850 1223 948 1266 ducebat.
987 1225 1065 1266 Verum

68 1318 94 1345 ea
114 1318 148 1344 res
168 1317 212 1344 non
231 1307 276 1343 erat
292 1302 420 1356 disciplinae
441 1305 462 1340 et
483 1302 542 1354 quasi
562 1302 672 1342 exterioris
695 1316 768 1354 curae,
793 1303 832 1343 sed
852 1307 897 1343 tota
917 1317 944 1344 cx
964 1306 1065 1358 penitiori

67 1384 174 1439 evangelii
189 1382 368 1435 consiliorumque
384 1381 503 1421 divinorum
518 1380 593 1420 notitia
604 1380 719 1433 pendebat.
749 1381 855 1422 Proderat
867 1383 929 1434 enim,
943 1384 978 1423 111
989 1396 1065 1426 11111-

66 1462 145 1514 lorum,
161 1461 236 1514 quibus
252 1460 375 1501 nitebantur
390 1459 482 1509 duduci,
497 1458 532 1498 111
546 1458 613 1512 legis,
628 1460 662 1499 111
677 1473 797 1512 sacrorum,
813 1461 848 1501 111
863 1463 933 1515 operis
948 1472 964 1502 a'
978 1462 1064 1519 Christo

66 1542 168 1595 perfecti,
183 1541 218 1581 111
233 1539 299 1591 fidei,
320 1540 355 1581 111
376 1539 468 1591 denique
487 1537 587 1590 obsequii
603 1537 711 1579 alacrioris
727 1553 810 1580 sensum
825 1541 940 1593 genuinum
956 1541 1064 1593 exhibere,

67 1633 110 1674 quo
131 1632 164 1660 res
185 1621 370 1671 componerentur.
410 1615 486 1668 Itaque
506 1615 529 1654 in
548 1615 574 1655 iis
595 1616 704 1668 omnibus,
726 1631 776 1670 quas
802 1616 830 1657 ad
850 1618 948 1659 ecclesias
973 1620 1064 1674 scripsit,

68 1698 163 1754 epistolis
173 1697 279 1752 (exceptis
291 1695 379 1737 vircillis
390 1692 419 1734 ad
425 1692 548 1734 Corinthios
561 1691 626 1746 datis)
639 1691 737 1748 magnam
747 1695 804 1735 illam
814 1709 896 1737 causam
903 1697 1064 1751 jungendorum

65 1776 186 1832 perfidem
201 1775 311 1815 hominurn
327 1773 405 1814 diversi
425 1771 508 1825 generis
530 1771 561 1811 sic
577 1771 658 1824 attigit,
674 1776 698 1811 ut
718 1773 783 1813 modo
799 1787 874 1825 unum,
894 1775 960 1816 modo
977 1776 1063 1818 alterum

67 1868 93 1896 ex
107 1855 145 1896 illo
161 1866 240 1908 genere
256 1853 328 1893 locum
343 1852 462 1891 illustraret.
491 1848 528 1888 Ad
543 1847 650 1889 Romanos
665 1854 736 1889 autern
751 1863 791 1903 pro
808 1865 833 1896 eo
845 1855 899 1892 statu
909 1865 985 1906 rerum,
1001 1869 1063 1909 quern

68 1933 230 1983 delineavimus,
246 1945 292 1971 rern
307 1930 337 1969 ita
351 1926 476 1982 perscribit,
492 1931 516 1966 ut
532 1925 641 1967 cardinem
657 1927 720 1967 totius
737 1941 811 1969 causae
828 1929 945 1970 constituat.

167 2009 235 2050 Carne
246 2008 309 2059 enirn,
325 2011 347 2048 ut
356 2006 416 2047 brevi
425 2004 585 2058 concludamus,
601 2005 622 2046 h.
633 2020 651 2045 e.
661 2006 693 2057 iis,
709 2019 761 2058 quae
770 2008 796 2046 ab
814 2007 860 2059 ipso
871 2012 919 2049 ortu
932 2010 988 2051 bona
1005 2015 1062 2054 nacti

67 2091 149 2138 essent,
175 2087 252 2127 Judaei
272 2087 420 2140 gloriabantur
441 2098 530 2137 suaeque
551 2085 665 2138 progeniei
684 2084 765 2124 scilicet
785 2087 893 2139 propriam
911 2088 952 2129 Dei
973 2092 1063 2144 gratiam

63 2166 181 2221 jactabant.
212 2164 281 2218 Hujus
295 2169 364 2204 autem
373 2162 479 2218 gentilicii
489 2162 579 2202 nominis
592 2166 613 2201 ct
619 2160 680 2214 juria,
696 2166 719 2201 ut
730 2163 759 2202 ait
768 2162 916 2218 Tertullianus,
930 2169 1062 2221 signaculum

66 2251 111 2286 erat
124 2243 266 2285 circumcisio.
296 2242 342 2282 Nec
351 2255 402 2281 vero
413 2254 456 2281 uon
469 2253 572 2280 annexam
581 2241 603 2280 ei
618 2239 690 2292 legem
705 2253 754 2280 cum
771 2243 827 2283 omui
842 2257 951 2285 sacrorum
961 2252 1063 2298 apparatu

67 2324 209 2372 ostentabant,
225 2333 265 2361 ceu
278 2321 335 2360 vitae
347 2321 438 2360 formam
453 2317 616 2372 distinguendae
631 2318 683 2359 huic
698 2320 758 2373 genti
772 2335 785 2361 a
800 2323 885 2376 reliquis
900 2324 923 2363 in
938 2329 1063 2377 perpetuum

65 2403 161 2456 positam.
192 2399 256 2440 Haec
267 2400 324 2439 enirn
335 2389 461 2438 ridebantur
473 2397 581 2438 luculenta
592 2397 670 2437 favoris
681 2397 746 2438 divini
757 2401 855 2453 pignora.
887 2401 958 2450 Quare
969 2403 1062 2458 quisquis

66 2495 77 2521 e
94 2481 193 2535 gentibus
207 2479 255 2519 Deo
271 2491 293 2517 se
309 2477 396 2529 probari
412 2482 510 2530 cuperet,
526 2487 580 2517 nunc
596 2477 693 2529 inanime,
708 2479 817 2530 patefacto
835 2467 920 2531 Massia,
937 2480 986 2523 huic
1003 2483 1062 2536 genti

64 2558 181 2600 Abrahanri
197 2558 281 2598 nominc
298 2556 446 2597 sacratissimae
462 2569 510 2596 eum
526 2555 596 2608 inseri,
612 2555 698 2609 ejusque
714 2556 1063 2615 11111111111111111111111111111
