2250 2884
472 33 639 75 ..13-

157 153 206 195 Jam
227 163 285 196 vero
301 154 426 195 accedamus
447 153 476 195 ad
491 155 537 209 ipsa
558 153 599 194 dno
620 154 689 208 primo
709 165 742 206 ep,
759 154 830 208 capita
850 167 913 206 qnam
933 155 1054 199 brevissime

8 284 9 291 ἵ
56 232 192 288 exponenda,
213 234 315 288 deinceps
334 245 384 273 vero
404 216 432 272 ad
452 232 524 274 locum
539 233 598 273 illum
613 234 673 273 novis
690 231 745 273 curis
759 233 942 286 perlustrandum,
963 247 1010 288 cap.
1026 233 1054 286 Π,

8 292 10 299 i
56 326 75 353 v.
87 311 117 354 14
128 319 148 354 et
158 314 194 367 qui
203 319 328 367 sequuntur.
359 309 422 352 Hanc
433 311 489 351 enirn
500 316 567 352 totam
580 301 688 366 κ’ςωγωγῆν
703 316 749 352 tum
757 318 815 353 recte
828 313 913 354 anobis
924 314 1055 368 explicatam

56 400 99 433 esse
110 392 220 443 constabit,
230 403 295 445 quum
307 390 387 444 optime
398 391 468 431 omnia
479 403 526 432 cum
535 391 648 444 principali
660 403 724 432 causa
733 390 799 431 totins
811 390 913 443 epistolae
922 393 1054 434 consentient

57 476 77 509 et
93 470 193 525 expedito
209 468 284 510 ordine
299 469 370 510 fluent.

154 548 180 588 In
195 548 242 603 ipso
258 552 328 589 autern
343 548 445 603 epistolae
460 548 565 602 principio
582 561 640 589 sensa
655 548 731 590 mentis
746 547 796 600 illa,
812 549 835 588 in
851 547 927 602 quibus
945 551 1050 601 apostolus

33 664 35 666 .
55 631 112 668 totns
126 631 181 678 erat,
198 627 309 669 clarissime
319 629 416 668 emicant.
447 627 522 682 Neque
537 626 591 668 adso
607 627 642 667 illa
657 626 766 678 salutatio,
782 640 823 679 qua
833 625 892 666 velut
902 631 979 679 pectus
991 641 1051 669 snum

8 753 9 758 ¹
55 705 155 747 cffudisse
170 706 264 759 videtur,
286 707 417 761 proprietate
437 710 507 756 caret,
529 718 590 758 qnam
611 704 708 745 similiter
727 703 748 743 in
767 704 898 758 reliquorum
915 706 1051 758 epistolarum

56 787 192 839 inscriptione
207 799 247 839 pro
262 799 285 826 re
301 789 351 826 nata
366 796 484 836 expressam
499 781 600 823 videmus.

157 864 220 915 Quod
236 864 293 904 anim
308 862 342 902 rel
356 862 427 916 primo
443 874 504 902 vorsu
519 851 640 915 εὐαγγέλιον
654 854 705 903 &aad
718 866 899 914 praetermorem
915 861 975 915 dicit,
991 870 1050 907 sonat

55 944 158 997 qariddarn
173 947 194 983 ct
209 940 379 995 magnificentius
395 938 437 993 (ΙΙ.
454 938 478 980 0.
492 939 527 992 ll,
542 939 578 994 7.)
595 947 615 980 et
631 939 690 993 quod
705 939 768 980 latius
783 942 856 993 quovis
869 942 959 983 termino
970 948 1049 995 pateat.

57 1036 67 1061 n
73 1021 128 1061 Num
143 1019 273 1063 Judaeorum
287 1018 345 1059 Deus
364 1018 461 1059 tantum?
482 1031 552 1059 annon
567 1022 588 1058 et
603 1017 713 1071 gentium?
729 1023 788 1059 certe
804 1022 826 1058 et
841 1020 944 1072 gentium,
953 1034 962 1060 a
981 1021 1048 1074 inquit

54 1099 130 1140 Noster
145 1098 209 1152 paulo
224 1104 274 1152 post
288 1096 328 1150 ΙΙΙ,
343 1096 379 1138 29.
411 1097 462 1138 Jarn
477 1096 539 1151 quale
553 1095 597 1137 hoc
613 1096 746 1150 evangelium
763 1094 789 1148 (s.
802 1096 859 1138 lacta
874 1098 941 1151 ipsius
956 1112 998 1139 vox
1008 1099 1049 1141 Dei

55 1178 141 1219 coelitus
156 1178 178 1217 in
193 1181 258 1218 terras
274 1174 381 1229 demissa)
401 1176 477 1233 fucrit,
497 1175 524 1216 ad
544 1174 602 1228 qnod
623 1175 708 1229 quidem
726 1175 880 1240 perferendum
899 1178 945 1231 ipse
961 1178 1049 1222 selectus

54 1256 86 1307 sit,
102 1260 212 1308 sequentes
222 1268 294 1295 versus
304 1268 370 1308 usquc
382 1254 410 1295 ad
420 1253 474 1295 illud
486 1253 570 1296 demum
581 1245 609 1301 ἐις
620 1243 709 1302 ductoris
722 1248 810 1300 πίστεως
824 1245 843 1296 ἐν
858 1267 911 1297 aaut
926 1251 965 1303 τοῖς
979 1249 1048 1302 ἔθνεσι

6 1309 8 1374 i
55 1335 139 1375 concise
154 1334 297 1388 perscribunt:
312 1335 342 1375 ita
356 1339 379 1376 ut
393 1334 415 1375 in
431 1334 514 1376 solenni
527 1334 632 1375 mentione
647 1327 736 1393 γραφῶν
751 1325 816 1385 sistat
831 1340 888 1378 certe
905 1335 932 1377 dc
943 1337 1048 1391 ejusmodi

6 1460 7 1471 ἵ
54 1411 157 1453 vaticiniis
172 1412 235 1455 etiam
250 1414 388 1466 cogitaverit,
403 1414 465 1467 quale
480 1412 536 1455 illud
553 1417 584 1455 est
598 1411 671 1468 Hagg,
683 1413 712 1465 ΙΙ,
727 1412 752 1454 7ε
768 1401 808 1471 ἕξει
820 1427 848 1455 so
862 1405 954 1458 {unsara
968 1411 1046 1460 aduror

5 1474 7 1499 ³
54 1482 172 1541 assisio,
186 1503 235 1534 aa
247 1495 269 1534 a.
300 1491 345 1533 ses.
357 1488 457 1544 maa.
473 1491 518 1533 nx.
534 1490 600 1543 axv,
615 1491 635 1531 1.
666 1491 731 1534 men
744 1491 775 1544 u,
791 1491 826 1533 11.
857 1492 917 1545 vui,
932 1494 1004 1538 ao-sa
1019 1499 1045 1541 a.

5 1589 7 1610 i
56 1570 94 1611 cfr.
113 1570 168 1610 infra
182 1568 229 1620 XV,
249 1568 332 1611 4-12.
374 1569 496 1613 Pronmnen
515 1575 584 1612 autem
599 1554 621 1621 d,
641 1574 665 1611 ut
680 1570 715 1622 fit,
735 1570 763 1612 ad
783 1570 838 1613 illud
858 1572 928 1626 ipsum
946 1576 1046 1629 refertur,

4 1678 6 1685 Α
54 1647 113 1701 quod
138 1648 160 1688 in
182 1648 293 1702 evangelio
316 1648 458 1702 praedicatur.
504 1647 595 1690 Omnino
616 1648 672 1690 enirn
697 1648 755 1690 idem
775 1649 828 1691 alibi
848 1646 873 1693 ri
889 1649 996 1713 μυπτῆριον
1014 1653 1048 1697 τοῦ

55 1720 137 1786 χριστοῦ
157 1730 229 1777 vocat,
250 1726 310 1778 qnod
328 1739 368 1778 pro
389 1728 491 1781 singulari
510 1740 594 1768 munere
613 1727 655 1768 sibi
670 1728 844 1782 patefaciendum
860 1743 933 1775 coram
949 1736 1046 1777 omnibns

55 1808 91 1859 sit,
112 1792 160 1847 circu
179 1791 209 1847 rod
228 1794 276 1852 iba
298 1800 455 1864 roysinpa'ropa
469 1820 489 1851 κ.
510 1802 614 1862 odoranno
633 1798 652 1847 ἕν
667 1801 695 1861 iqi
715 1802 793 1866 Χριστῷ
812 1801 848 1849 ua
868 1805 903 1852 τοῦ
922 1805 1044 1865 εὐαγγελίου

55 1883 122 1939 (uph.
133 1883 173 1935 ΙΙΙ,
188 1882 255 1926 1-9.
275 1882 293 1934 Ι,
309 1882 344 1927 10.
365 1883 411 1927 Col.
421 1884 439 1937 Ι,
455 1883 551 1928 25—28.
569 1886 626 1941 Eph.
636 1885 674 1939 VI,
690 1886 729 1929 19:
749 1890 774 1929 st
787 1884 891 1947 μυστήριον
905 1886 940 1932 τοῦ
955 1886 1045 1945 inappa

1 1992 4 2019 ς
54 1963 114 2018 maa).
161 1963 210 2005 Jam
228 1948 271 2020 trapi
289 1954 324 2007 nt
342 1957 393 2015 dni,
414 1965 470 2006 circa
490 1979 552 2019 quem
572 1965 670 2006 vaticinia
691 1967 760 2008 omnia
780 1968 892 2023 ipsumque
913 1972 1044 2024 evangelium

54 2046 169 2093 versantur,
195 2042 222 2082 ad
242 2043 331 2086 uerbum
358 2047 421 2085 »rante
441 2044 582 2096 promiseratis
608 2045 720 2087 referenda
744 2051 844 2100 arctoque
867 2050 1044 2101 praecedentibus

52 2122 164 2178 jungenda
185 2125 238 2163 sunt.
276 2121 330 2162 Nam
346 2136 399 2176 quac
419 2135 475 2163 nune
492 2122 562 2175 addit,
583 2117 614 2164 scd
631 2136 671 2176 γεν.
692 2137 713 2165 κ.
729 2138 746 2166 τ.
762 2129 783 2166 λ,
804 2139 876 2166 verum
894 2130 1043 2180 promissorum

0 2227 1 2257 j
54 2209 149 2245 eventum
165 2200 273 2242 exhibent.
311 2200 332 2241 Is
348 2206 418 2242 autem
438 2201 519 2242 duabus
538 2202 634 2256 partibus
650 2204 791 2256 conspicitur,
812 2208 898 2245 tumeo
919 2208 976 2261 quod
990 2209 1044 2249 intra

54 2282 169 2324 Judaicum
183 2279 285 2335 populum
300 2284 390 2321 versatus
405 2280 479 2334 fuerit,
498 2280 600 2323 vaticiniis
616 2282 713 2323 omnibus
729 2282 758 2323 ad
773 2296 833 2324 sunm
849 2283 912 2325 finem
928 2286 1044 2345 perductis,

133 2477 232 2509 naturalibus
243 2476 329 2519 cujuslibet
337 2470 400 2518 generis
409 2477 474 2510 dotibus
484 2477 514 2518 (ib.
522 2476 535 2517 1,
545 2478 570 2512 ot.
579 2479 611 2522 95.)
622 2478 701 2520 confidat,
713 2489 770 2515 rernm
780 2482 889 2523 regenaam,
900 2490 934 2514 non
945 2491 966 2515 en
976 2485 1037 2517 semine

134 2535 208 2569 nimirum
218 2536 302 2577 Abrahae,
313 2535 395 2578 perituro,
405 2535 435 2569 scd
445 2536 538 2568 coelestes
549 2536 633 2570 immortali
642 2546 698 2571 novae
709 2540 753 2574 uitae
764 2541 834 2580 semine⁵
845 2539 897 2573 verbo
908 2542 993 2583 evangeiii.

827 2604 842 2645 t
