<?xml version="1.0" encoding="UTF-8"?>
<!DOCTYPE html PUBLIC "-//W3C//DTD XHTML 1.0 Transitional//EN"
    "http://www.w3.org/TR/xhtml1/DTD/xhtml1-transitional.dtd">
<html xmlns="http://www.w3.org/1999/xhtml" xml:lang="en" lang="en">
 <head>
  <title>
</title>
<meta http-equiv="Content-Type" content="text/html;charset=utf-8" />
  <meta name='ocr-system' content='tesseract 3.04.00' />
  <meta name='ocr-capabilities' content='ocr_page ocr_carea ocr_par ocr_line ocrx_word'/>
</head>
<body>
  <div class='ocr_page' id='page_1' title='image "MN41485ucmf_4_0027.png"; bbox 0 0 2250 2884; ppageno 0'>
   <div class='ocr_carea' id='block_1_1' title="bbox 57 206 1053 274">
    <p class='ocr_par' dir='ltr' id='par_1_1' title="bbox 2 206 1053 274">
     <span class='ocr_line' id='line_1_1' title="bbox 57 206 1053 274; baseline -0.008 -19.419"><span class='ocrx_word' id='word_1_1' title='bbox 57 234 82 263; x_wconf 65' lang='lat' dir='ltr'>ac</span> <span class='ocrx_word' id='word_1_2' title='bbox 101 221 118 263; x_wconf 82' lang='lat' dir='ltr'>si</span> <span class='ocrx_word' id='word_1_3' title='bbox 133 221 178 274; x_wconf 89' lang='lat' dir='ltr'>quis</span> <span class='ocrx_word' id='word_1_4' title='bbox 195 217 286 259; x_wconf 86' lang='lat' dir='ltr'>eumad</span> <span class='ocrx_word' id='word_1_5' title='bbox 304 215 371 263; x_wconf 81' lang='lat' dir='ltr'>finem</span> <span class='ocrx_word' id='word_1_6' title='bbox 393 212 501 265; x_wconf 78' lang='lat' dir='ltr'>legitimae</span> <span class='ocrx_word' id='word_1_7' title='bbox 521 214 576 253; x_wconf 87' lang='lat' dir='ltr'>vitae</span> <span class='ocrx_word' id='word_1_8' title='bbox 597 212 689 252; x_wconf 88' lang='lat' dir='ltr'>studium</span> <span class='ocrx_word' id='word_1_9' title='bbox 710 209 821 263; x_wconf 86' lang='lat' dir='ltr'>dirigeret,</span> <span class='ocrx_word' id='word_1_10' title='bbox 841 208 900 249; x_wconf 90' lang='lat' dir='ltr'>hunc</span> <span class='ocrx_word' id='word_1_11' title='bbox 916 207 990 247; x_wconf 84' lang='lat' dir='ltr'>favore</span> <span class='ocrx_word' id='word_1_12' title='bbox 1005 206 1053 259; x_wconf 88' lang='lat' dir='ltr'>Dei,</span> 
     </span>
    </p>
   </div>
   <div class='ocr_carea' id='block_1_2' title="bbox 1 286 1053 356">
    <p class='ocr_par' dir='ltr' id='par_1_2' title="bbox 1 286 1053 356">
     <span class='ocr_line' id='line_1_2' title="bbox 1 286 1053 356; baseline -0.016 -14"><span class='ocrx_word' id='word_1_13' title='bbox 1 301 2 353; x_wconf 79' lang='lat' dir='ltr'>j</span> <span class='ocrx_word' id='word_1_14' title='bbox 58 314 121 356; x_wconf 91' lang='lat' dir='ltr'>quem</span> <span class='ocrx_word' id='word_1_15' title='bbox 136 302 251 353; x_wconf 89' lang='lat' dir='ltr'>quaereret,</span> <span class='ocrx_word' id='word_1_16' title='bbox 267 291 365 333; x_wconf 78' lang='lat' dir='ltr'>excidere</span> <span class='ocrx_word' id='word_1_17' title='bbox 382 291 486 330; x_wconf 87' lang='lat' dir='ltr'>clamabat</span> <span class='ocrx_word' id='word_1_18' title='bbox 501 304 543 331; x_wconf 90' lang='lat' dir='ltr'>vox</span> <span class='ocrx_word' id='word_1_19' title='bbox 558 291 668 344; x_wconf 86' lang='lat' dir='ltr'>evangelii.</span> <span class='ocrx_word' id='word_1_20' title='bbox 699 288 772 341; x_wconf 83' lang='lat' dir='ltr'>Itaque</span> <span class='ocrx_word' id='word_1_21' title='bbox 790 290 807 328; x_wconf 89' lang='lat' dir='ltr'>si</span> <span class='ocrx_word' id='word_1_22' title='bbox 818 287 864 341; x_wconf 87' lang='lat' dir='ltr'>quis</span> <span class='ocrx_word' id='word_1_23' title='bbox 877 286 962 327; x_wconf 82' lang='lat' dir='ltr'>Christo</span> <span class='ocrx_word' id='word_1_24' title='bbox 974 298 1053 326; x_wconf 88' lang='lat' dir='ltr'>nomen</span> 
     </span>
    </p>
   </div>
   <div class='ocr_carea' id='block_1_3' title="bbox 1 363 1055 2549">
    <p class='ocr_par' dir='ltr' id='par_1_3' title="bbox 1 363 1053 1210">
     <span class='ocr_line' id='line_1_3' title="bbox 57 363 1053 437; baseline -0.018 -15"><span class='ocrx_word' id='word_1_25' title='bbox 57 381 164 437; x_wconf 87' lang='lat' dir='ltr'>professus</span> <span class='ocrx_word' id='word_1_26' title='bbox 175 377 290 416; x_wconf 84' lang='lat' dir='ltr'>etiamtum</span> <span class='ocrx_word' id='word_1_27' title='bbox 299 369 353 423; x_wconf 86' lang='lat' dir='ltr'>legis</span> <span class='ocrx_word' id='word_1_28' title='bbox 363 369 507 410; x_wconf 86' lang='lat' dir='ltr'>observatione</span> <span class='ocrx_word' id='word_1_29' title='bbox 517 383 597 423; x_wconf 86' lang='lat' dir='ltr'>suoque</span> <span class='ocrx_word' id='word_1_30' title='bbox 607 372 685 411; x_wconf 80' lang='lat' dir='ltr'>robore</span> <span class='ocrx_word' id='word_1_31' title='bbox 694 369 757 408; x_wconf 89' lang='lat' dir='ltr'>tacite</span> <span class='ocrx_word' id='word_1_32' title='bbox 767 366 900 421; x_wconf 88' lang='lat' dir='ltr'>gloriaretur,</span> <span class='ocrx_word' id='word_1_33' title='bbox 911 366 927 404; x_wconf 92' lang='lat' dir='ltr'>is</span> <span class='ocrx_word' id='word_1_34' title='bbox 939 379 951 404; x_wconf 92' lang='lat' dir='ltr'>a</span> <span class='ocrx_word' id='word_1_35' title='bbox 964 363 1053 404; x_wconf 83' lang='lat' dir='ltr'>Christo</span> 
     </span>
     <span class='ocr_line' id='line_1_4' title="bbox 59 441 1051 506; baseline -0.019 -6"><span class='ocrx_word' id='word_1_36' title='bbox 59 460 173 502; x_wconf 80' lang='lat' dir='ltr'>desciverat</span> <span class='ocrx_word' id='word_1_37' title='bbox 190 450 249 506; x_wconf 77' lang='lat' dir='ltr'>[Gal.</span> <span class='ocrx_word' id='word_1_38' title='bbox 264 448 297 499; x_wconf 89' lang='lat' dir='ltr'>V,</span> <span class='ocrx_word' id='word_1_39' title='bbox 312 448 333 488; x_wconf 83' lang='lat'>4.</span> <span class='ocrx_word' id='word_1_40' title='bbox 353 446 444 501; x_wconf 81' lang='lat'>11,21].</span> <span class='ocrx_word' id='word_1_41' title='bbox 476 447 526 488; x_wconf 85' lang='lat' dir='ltr'>Jam</span> <span class='ocrx_word' id='word_1_42' title='bbox 542 450 586 503; x_wconf 89' lang='lat' dir='ltr'>quis</span> <span class='ocrx_word' id='word_1_43' title='bbox 602 463 645 489; x_wconf 93' lang='lat' dir='ltr'>non</span> <span class='ocrx_word' id='word_1_44' title='bbox 661 448 726 498; x_wconf 83' lang='lat' dir='ltr'>videt,</span> <span class='ocrx_word' id='word_1_45' title='bbox 743 446 799 501; x_wconf 87' lang='lat' dir='ltr'>apud</span> <span class='ocrx_word' id='word_1_46' title='bbox 815 458 861 495; x_wconf 90' lang='lat' dir='ltr'>eos,</span> <span class='ocrx_word' id='word_1_47' title='bbox 878 443 913 495; x_wconf 87' lang='lat' dir='ltr'>qui</span> <span class='ocrx_word' id='word_1_48' title='bbox 928 442 978 481; x_wconf 92' lang='lat' dir='ltr'>olim</span> <span class='ocrx_word' id='word_1_49' title='bbox 986 441 1051 483; x_wconf 83' lang='lat' dir='ltr'>Mose</span> 
     </span>
     <span class='ocr_line' id='line_1_5' title="bbox 2 520 1052 582; baseline -0.019 -2"><span class='ocrx_word' id='word_1_50' title='bbox 2 560 4 564; x_wconf 55' lang='lat'><strong><em>¹</em></strong></span> <span class='ocrx_word' id='word_1_51' title='bbox 58 538 120 579; x_wconf 84' lang='lat' dir='ltr'>unico</span> <span class='ocrx_word' id='word_1_52' title='bbox 131 527 317 573; x_wconf 87' lang='lat' dir='ltr'>institutorumDei</span> <span class='ocrx_word' id='word_1_53' title='bbox 325 528 440 579; x_wconf 78' lang='lat' dir='ltr'>interprete</span> <span class='ocrx_word' id='word_1_54' title='bbox 448 528 481 567; x_wconf 92' lang='lat' dir='ltr'>usi</span> <span class='ocrx_word' id='word_1_55' title='bbox 493 532 558 579; x_wconf 89' lang='lat' dir='ltr'>erant,</span> <span class='ocrx_word' id='word_1_56' title='bbox 567 532 616 581; x_wconf 86' lang='lat' dir='ltr'>post</span> <span class='ocrx_word' id='word_1_57' title='bbox 625 528 715 582; x_wconf 80' lang='lat' dir='ltr'>gratiam</span> <span class='ocrx_word' id='word_1_58' title='bbox 725 525 819 579; x_wconf 78' lang='lat' dir='ltr'>agnitam</span> <span class='ocrx_word' id='word_1_59' title='bbox 828 521 929 562; x_wconf 74' lang='lat' dir='ltr'>facillime</span> <span class='ocrx_word' id='word_1_60' title='bbox 942 520 1052 572; x_wconf 89' lang='lat' dir='ltr'>accidisse,</span> 
     </span>
     <span class='ocr_line' id='line_1_6' title="bbox 57 596 1052 659; baseline -0.021 -3"><span class='ocrx_word' id='word_1_61' title='bbox 57 622 81 656; x_wconf 89' lang='lat' dir='ltr'>ut</span> <span class='ocrx_word' id='word_1_62' title='bbox 92 608 233 653; x_wconf 90' lang='lat' dir='ltr'>confidentiae</span> <span class='ocrx_word' id='word_1_63' title='bbox 243 607 309 657; x_wconf 90' lang='lat' dir='ltr'>istius,</span> <span class='ocrx_word' id='word_1_64' title='bbox 324 605 390 646; x_wconf 88' lang='lat' dir='ltr'>fidem</span> <span class='ocrx_word' id='word_1_65' title='bbox 397 607 482 647; x_wconf 80' lang='lat' dir='ltr'>ommno</span> <span class='ocrx_word' id='word_1_66' title='bbox 495 607 621 658; x_wconf 84' lang='lat' dir='ltr'>arrodentis,</span> <span class='ocrx_word' id='word_1_67' title='bbox 633 604 714 659; x_wconf 89' lang='lat' dir='ltr'>aliquid</span> <span class='ocrx_word' id='word_1_68' title='bbox 725 603 825 643; x_wconf 84' lang='lat' dir='ltr'>resideret</span> <span class='ocrx_word' id='word_1_69' title='bbox 836 600 871 641; x_wconf 81' lang='lat' dir='ltr'>vel</span> <span class='ocrx_word' id='word_1_70' title='bbox 883 599 946 638; x_wconf 86' lang='lat' dir='ltr'>etiam</span> <span class='ocrx_word' id='word_1_71' title='bbox 955 596 1052 637; x_wconf 81' lang='lat' dir='ltr'>rediret?</span> 
     </span>
     <span class='ocr_line' id='line_1_7' title="bbox 58 676 1053 742; baseline -0.015 -13"><span class='ocrx_word' id='word_1_72' title='bbox 58 693 244 742; x_wconf 75' lang='lat' dir='ltr'>Quare-corruere</span> <span class='ocrx_word' id='word_1_73' title='bbox 260 685 336 725; x_wconf 86' lang='lat' dir='ltr'>sensim</span> <span class='ocrx_word' id='word_1_74' title='bbox 351 697 376 724; x_wconf 89' lang='lat' dir='ltr'>ac</span> <span class='ocrx_word' id='word_1_75' title='bbox 393 684 480 725; x_wconf 85' lang='lat' dir='ltr'>dissolvi</span> <span class='ocrx_word' id='word_1_76' title='bbox 496 684 567 737; x_wconf 89' lang='lat' dir='ltr'>prisca</span> <span class='ocrx_word' id='word_1_77' title='bbox 581 685 618 724; x_wconf 87' lang='lat' dir='ltr'>illa</span> <span class='ocrx_word' id='word_1_78' title='bbox 632 684 732 733; x_wconf 85' lang='lat' dir='ltr'>instituta,</span> <span class='ocrx_word' id='word_1_79' title='bbox 748 679 853 721; x_wconf 87' lang='lat' dir='ltr'>educandi</span> <span class='ocrx_word' id='word_1_80' title='bbox 869 677 935 718; x_wconf 87' lang='lat' dir='ltr'>modo</span> <span class='ocrx_word' id='word_1_81' title='bbox 953 682 1020 717; x_wconf 88' lang='lat' dir='ltr'>causa</span> <span class='ocrx_word' id='word_1_82' title='bbox 1031 676 1053 715; x_wconf 91' lang='lat' dir='ltr'>in</span> 
     </span>
     <span class='ocr_line' id='line_1_8' title="bbox 57 755 1052 820; baseline -0.016 -12"><span class='ocrx_word' id='word_1_83' title='bbox 57 774 140 820; x_wconf 89' lang='lat' dir='ltr'>tempus</span> <span class='ocrx_word' id='word_1_84' title='bbox 155 767 245 816; x_wconf 86' lang='lat' dir='ltr'>sancita,</span> <span class='ocrx_word' id='word_1_85' title='bbox 268 763 353 803; x_wconf 90' lang='lat' dir='ltr'>omnino</span> <span class='ocrx_word' id='word_1_86' title='bbox 369 775 454 802; x_wconf 87' lang='lat' dir='ltr'>necesse</span> <span class='ocrx_word' id='word_1_87' title='bbox 470 765 525 812; x_wconf 89' lang='lat' dir='ltr'>erat,</span> <span class='ocrx_word' id='word_1_88' title='bbox 548 775 589 815; x_wconf 93' lang='lat' dir='ltr'>quo</span> <span class='ocrx_word' id='word_1_89' title='bbox 611 763 686 801; x_wconf 87' lang='lat' dir='ltr'>sanitas</span> <span class='ocrx_word' id='word_1_90' title='bbox 704 761 758 801; x_wconf 81' lang='lat' dir='ltr'>vitae</span> <span class='ocrx_word' id='word_1_91' title='bbox 777 758 871 799; x_wconf 88' lang='lat' dir='ltr'>interiori</span> <span class='ocrx_word' id='word_1_92' title='bbox 891 755 970 796; x_wconf 88' lang='lat' dir='ltr'>semine</span> <span class='ocrx_word' id='word_1_93' title='bbox 990 758 1052 793; x_wconf 88' lang='lat' dir='ltr'>natae</span> 
     </span>
     <span class='ocr_line' id='line_1_9' title="bbox 57 833 1051 899; baseline -0.016 -12"><span class='ocrx_word' id='word_1_94' title='bbox 57 851 118 899; x_wconf 84' lang='lat' dir='ltr'>atque</span> <span class='ocrx_word' id='word_1_95' title='bbox 133 845 219 885; x_wconf 86' lang='lat' dir='ltr'>libertas</span> <span class='ocrx_word' id='word_1_96' title='bbox 234 841 383 881; x_wconf 86' lang='lat' dir='ltr'>effloresceret.</span> <span class='ocrx_word' id='word_1_97' title='bbox 413 838 443 879; x_wconf 86' lang='lat' dir='ltr'>Et</span> <span class='ocrx_word' id='word_1_98' title='bbox 457 839 546 880; x_wconf 89' lang='lat' dir='ltr'>Paulum</span> <span class='ocrx_word' id='word_1_99' title='bbox 562 840 654 892; x_wconf 89' lang='lat' dir='ltr'>quidem,</span> <span class='ocrx_word' id='word_1_100' title='bbox 669 853 710 894; x_wconf 87' lang='lat' dir='ltr'>pro</span> <span class='ocrx_word' id='word_1_101' title='bbox 726 838 837 892; x_wconf 80' lang='lat' dir='ltr'>singulari,</span> <span class='ocrx_word' id='word_1_102' title='bbox 853 849 915 889; x_wconf 87' lang='lat' dir='ltr'>quarn</span> <span class='ocrx_word' id='word_1_103' title='bbox 929 849 942 874; x_wconf 86' lang='lat' dir='ltr'>a</span> <span class='ocrx_word' id='word_1_104' title='bbox 957 833 1051 872; x_wconf 88' lang='lat' dir='ltr'>Domino</span> 
     </span>
     <span class='ocr_line' id='line_1_10' title="bbox 2 914 1052 979; baseline -0.017 -12"><span class='ocrx_word' id='word_1_105' title='bbox 2 973 3 977; x_wconf 10' lang='grc' dir='ltr'><strong>Ἰ</strong></span> <span class='ocrx_word' id='word_1_106' title='bbox 56 928 175 979; x_wconf 81' lang='lat' dir='ltr'>acceperat,</span> <span class='ocrx_word' id='word_1_107' title='bbox 191 922 326 961; x_wconf 84' lang='lat' dir='ltr'>decreturum</span> <span class='ocrx_word' id='word_1_108' title='bbox 337 918 459 959; x_wconf 88' lang='lat' dir='ltr'>coelestium</span> <span class='ocrx_word' id='word_1_109' title='bbox 469 918 617 972; x_wconf 82' lang='lat' dir='ltr'>intelligentia,</span> <span class='ocrx_word' id='word_1_110' title='bbox 634 920 671 959; x_wconf 90' lang='lat' dir='ltr'>etsi</span> <span class='ocrx_word' id='word_1_111' title='bbox 686 919 800 971; x_wconf 82' lang='lat' dir='ltr'>abrogatae</span> <span class='ocrx_word' id='word_1_112' title='bbox 815 914 887 968; x_wconf 91' lang='lat' dir='ltr'>palam</span> <span class='ocrx_word' id='word_1_113' title='bbox 898 917 918 952; x_wconf 92' lang='lat' dir='ltr'>et</span> <span class='ocrx_word' id='word_1_114' title='bbox 930 914 1052 952; x_wconf 88' lang='lat' dir='ltr'>contemtae</span> 
     </span>
     <span class='ocr_line' id='line_1_11' title="bbox 1 989 1052 1057; baseline -0.016 -12"><span class='ocrx_word' id='word_1_115' title='bbox 1 1013 4 1053; x_wconf 65' lang='grc' dir='ltr'>ἦ</span> <span class='ocrx_word' id='word_1_116' title='bbox 56 1005 110 1057; x_wconf 90' lang='lat' dir='ltr'>legis</span> <span class='ocrx_word' id='word_1_117' title='bbox 125 1002 179 1042; x_wconf 85' lang='lat' dir='ltr'>falso</span> <span class='ocrx_word' id='word_1_118' title='bbox 195 998 348 1040; x_wconf 86' lang='lat' dir='ltr'>insimularetur</span> <span class='ocrx_word' id='word_1_119' title='bbox 365 996 448 1050; x_wconf 80' lang='lat' dir='ltr'>(Actor.</span> <span class='ocrx_word' id='word_1_120' title='bbox 462 995 521 1047; x_wconf 88' lang='lat' dir='ltr'>XXI,</span> <span class='ocrx_word' id='word_1_121' title='bbox 536 997 573 1036; x_wconf 81' lang='lat'>21.</span> <span class='ocrx_word' id='word_1_122' title='bbox 589 995 636 1049; x_wconf 78' lang='lat'>24),</span> <span class='ocrx_word' id='word_1_123' title='bbox 653 997 715 1036; x_wconf 89' lang='lat' dir='ltr'>etiam</span> <span class='ocrx_word' id='word_1_124' title='bbox 730 993 866 1048; x_wconf 88' lang='lat' dir='ltr'>popularium</span> <span class='ocrx_word' id='word_1_125' title='bbox 881 1003 972 1043; x_wconf 82' lang='lat' dir='ltr'>peregre</span> <span class='ocrx_word' id='word_1_126' title='bbox 986 989 1052 1029; x_wconf 89' lang='lat' dir='ltr'>habi-</span> 
     </span>
     <span class='ocr_line' id='line_1_12' title="bbox 1 1069 1052 1128; baseline -0.014 -5"><span class='ocrx_word' id='word_1_127' title='bbox 1 1069 3 1115; x_wconf 64' lang='lat' dir='ltr'>ss</span> <span class='ocrx_word' id='word_1_128' title='bbox 60 1082 145 1123; x_wconf 88' lang='lat' dir='ltr'>antium</span> <span class='ocrx_word' id='word_1_129' title='bbox 159 1077 249 1120; x_wconf 87' lang='lat' dir='ltr'>subinde</span> <span class='ocrx_word' id='word_1_130' title='bbox 266 1088 330 1115; x_wconf 86' lang='lat' dir='ltr'>onera</span> <span class='ocrx_word' id='word_1_131' title='bbox 342 1073 422 1128; x_wconf 88' lang='lat' dir='ltr'>legalia</span> <span class='ocrx_word' id='word_1_132' title='bbox 433 1073 551 1128; x_wconf 85' lang='lat' dir='ltr'>prudenter</span> <span class='ocrx_word' id='word_1_133' title='bbox 562 1074 641 1115; x_wconf 84' lang='lat' dir='ltr'>levasse</span> <span class='ocrx_word' id='word_1_134' title='bbox 654 1075 721 1128; x_wconf 89' lang='lat' dir='ltr'>iisqne</span> <span class='ocrx_word' id='word_1_135' title='bbox 734 1071 862 1114; x_wconf 87' lang='lat' dir='ltr'>liberalioris</span> <span class='ocrx_word' id='word_1_136' title='bbox 874 1070 930 1111; x_wconf 89' lang='lat' dir='ltr'>vitae</span> <span class='ocrx_word' id='word_1_137' title='bbox 943 1073 1052 1110; x_wconf 86' lang='lat' dir='ltr'>auctorem</span> 
     </span>
     <span class='ocr_line' id='line_1_13' title="bbox 2 1154 339 1210; baseline -0.039 -7"><span class='ocrx_word' id='word_1_138' title='bbox 2 1181 4 1184; x_wconf 52' lang='lat'><strong><em>⁴</em></strong></span> <span class='ocrx_word' id='word_1_139' title='bbox 58 1160 167 1210; x_wconf 82' lang='lat' dir='ltr'>exstitisse,</span> <span class='ocrx_word' id='word_1_140' title='bbox 183 1154 287 1196; x_wconf 89' lang='lat' dir='ltr'>credibile</span> <span class='ocrx_word' id='word_1_141' title='bbox 303 1156 339 1191; x_wconf 88' lang='lat' dir='ltr'>est.</span> 
     </span>
    </p>

    <p class='ocr_par' dir='ltr' id='par_1_4' title="bbox 50 1228 1055 2549">
     <span class='ocr_line' id='line_1_14' title="bbox 157 1228 1052 1288; baseline -0.009 -14"><span class='ocrx_word' id='word_1_142' title='bbox 157 1234 240 1288; x_wconf 86' lang='lat' dir='ltr'>Magna</span> <span class='ocrx_word' id='word_1_143' title='bbox 264 1231 320 1272; x_wconf 90' lang='lat' dir='ltr'>enim</span> <span class='ocrx_word' id='word_1_144' title='bbox 345 1231 377 1270; x_wconf 89' lang='lat' dir='ltr'>rei</span> <span class='ocrx_word' id='word_1_145' title='bbox 401 1230 540 1283; x_wconf 75' lang='lat' dir='ltr'>christianae,</span> <span class='ocrx_word' id='word_1_146' title='bbox 560 1233 684 1286; x_wconf 86' lang='lat' dir='ltr'>praesertim</span> <span class='ocrx_word' id='word_1_147' title='bbox 710 1230 765 1285; x_wconf 87' lang='lat' dir='ltr'>apud</span> <span class='ocrx_word' id='word_1_148' title='bbox 785 1231 874 1284; x_wconf 84' lang='lat' dir='ltr'>reliquas</span> <span class='ocrx_word' id='word_1_149' title='bbox 897 1233 971 1284; x_wconf 89' lang='lat' dir='ltr'>gentes</span> <span class='ocrx_word' id='word_1_150' title='bbox 992 1228 1052 1267; x_wconf 89' lang='lat' dir='ltr'>insti-</span> 
     </span>
     <span class='ocr_line' id='line_1_15' title="bbox 58 1310 1052 1365; baseline -0.014 -7"><span class='ocrx_word' id='word_1_151' title='bbox 58 1315 160 1365; x_wconf 86' lang='lat' dir='ltr'>tuendae,</span> <span class='ocrx_word' id='word_1_152' title='bbox 183 1312 289 1353; x_wconf 89' lang='lat' dir='ltr'>calamitas</span> <span class='ocrx_word' id='word_1_153' title='bbox 304 1310 435 1350; x_wconf 87' lang='lat' dir='ltr'>imminebat.</span> <span class='ocrx_word' id='word_1_154' title='bbox 482 1310 564 1350; x_wconf 87' lang='lat' dir='ltr'>Scimus</span> <span class='ocrx_word' id='word_1_155' title='bbox 585 1311 651 1362; x_wconf 88' lang='lat' dir='ltr'>enim,</span> <span class='ocrx_word' id='word_1_156' title='bbox 673 1311 690 1350; x_wconf 94' lang='lat' dir='ltr'>si</span> <span class='ocrx_word' id='word_1_157' title='bbox 711 1324 754 1350; x_wconf 94' lang='lat' dir='ltr'>non</span> <span class='ocrx_word' id='word_1_158' title='bbox 775 1310 848 1360; x_wconf 91' lang='lat' dir='ltr'>initio,</span> <span class='ocrx_word' id='word_1_159' title='bbox 870 1313 891 1348; x_wconf 86' lang='lat' dir='ltr'>at</span> <span class='ocrx_word' id='word_1_160' title='bbox 912 1320 963 1348; x_wconf 83' lang='lat' dir='ltr'>mox</span> <span class='ocrx_word' id='word_1_161' title='bbox 981 1311 1052 1346; x_wconf 88' lang='lat' dir='ltr'>tamen</span> 
     </span>
     <span class='ocr_line' id='line_1_16' title="bbox 60 1381 1052 1447; baseline -0.013 -11"><span class='ocrx_word' id='word_1_162' title='bbox 60 1394 171 1444; x_wconf 84' lang='lat' dir='ltr'>exstitisse,</span> <span class='ocrx_word' id='word_1_163' title='bbox 192 1391 228 1444; x_wconf 86' lang='lat' dir='ltr'>qui</span> <span class='ocrx_word' id='word_1_164' title='bbox 243 1383 333 1447; x_wconf 74' lang='grc' dir='ltr'>ζηλωταὶ</span> <span class='ocrx_word' id='word_1_165' title='bbox 348 1381 381 1428; x_wconf 70' lang='lat' dir='ltr'>aod</span> <span class='ocrx_word' id='word_1_166' title='bbox 402 1383 460 1444; x_wconf 69' lang='grc' dir='ltr'>νόμον</span> <span class='ocrx_word' id='word_1_167' title='bbox 482 1394 564 1429; x_wconf 91' lang='lat' dir='ltr'>exteros</span> <span class='ocrx_word' id='word_1_168' title='bbox 585 1403 669 1442; x_wconf 86' lang='lat' dir='ltr'>quoque</span> <span class='ocrx_word' id='word_1_169' title='bbox 689 1385 813 1429; x_wconf 84' lang='lat' dir='ltr'>circumcidi</span> <span class='ocrx_word' id='word_1_170' title='bbox 831 1387 934 1441; x_wconf 82' lang='lat' dir='ltr'>juberent</span> <span class='ocrx_word' id='word_1_171' title='bbox 955 1385 1052 1437; x_wconf 87' lang='lat' dir='ltr'>adeoque</span> 
     </span>
     <span class='ocr_line' id='line_1_17' title="bbox 60 1447 1052 1523; baseline -0.012 -9"><span class='ocrx_word' id='word_1_172' title='bbox 60 1472 137 1514; x_wconf 87' lang='lat' dir='ltr'>officiis</span> <span class='ocrx_word' id='word_1_173' title='bbox 151 1466 251 1523; x_wconf 82' lang='lat' dir='ltr'>judaicae</span> <span class='ocrx_word' id='word_1_174' title='bbox 262 1469 317 1509; x_wconf 88' lang='lat' dir='ltr'>vitae</span> <span class='ocrx_word' id='word_1_175' title='bbox 328 1467 424 1507; x_wconf 90' lang='lat' dir='ltr'>omnibus</span> <span class='ocrx_word' id='word_1_176' title='bbox 436 1468 553 1523; x_wconf 86' lang='lat' dir='ltr'>obstringi,</span> <span class='ocrx_word' id='word_1_177' title='bbox 570 1482 610 1521; x_wconf 89' lang='lat' dir='ltr'>quo</span> <span class='ocrx_word' id='word_1_178' title='bbox 620 1467 672 1507; x_wconf 89' lang='lat' dir='ltr'>fidei</span> <span class='ocrx_word' id='word_1_179' title='bbox 683 1481 755 1508; x_wconf 89' lang='lat' dir='ltr'>eorum</span> <span class='ocrx_word' id='word_1_180' title='bbox 766 1447 903 1520; x_wconf 27' lang='lat' dir='ltr'>evangelicae·</span> <span class='ocrx_word' id='word_1_181' title='bbox 911 1464 1052 1517; x_wconf 90' lang='lat' dir='ltr'>suppleretur.</span> 
     </span>
     <span class='ocr_line' id='line_1_18' title="bbox 59 1542 1054 1602; baseline -0.011 -11"><span class='ocrx_word' id='word_1_182' title='bbox 59 1552 119 1601; x_wconf 77' lang='lat' dir='ltr'>Quae</span> <span class='ocrx_word' id='word_1_183' title='bbox 135 1547 221 1602; x_wconf 85' lang='lat' dir='ltr'>quidem</span> <span class='ocrx_word' id='word_1_184' title='bbox 236 1547 309 1600; x_wconf 87' lang='lat' dir='ltr'>opinio</span> <span class='ocrx_word' id='word_1_185' title='bbox 325 1560 393 1600; x_wconf 90' lang='lat' dir='ltr'>neque</span> <span class='ocrx_word' id='word_1_186' title='bbox 409 1546 503 1587; x_wconf 80' lang='lat' dir='ltr'>Judaeos</span> <span class='ocrx_word' id='word_1_187' title='bbox 519 1547 574 1599; x_wconf 86' lang='lat' dir='ltr'>ipsos</span> <span class='ocrx_word' id='word_1_188' title='bbox 590 1560 658 1600; x_wconf 90' lang='lat' dir='ltr'>neque</span> <span class='ocrx_word' id='word_1_189' title='bbox 676 1546 804 1600; x_wconf 85' lang='lat' dir='ltr'>alienigenas</span> <span class='ocrx_word' id='word_1_190' title='bbox 819 1547 896 1599; x_wconf 85' lang='lat' dir='ltr'>absque</span> <span class='ocrx_word' id='word_1_191' title='bbox 912 1543 979 1598; x_wconf 92' lang='lat' dir='ltr'>ipsius</span> <span class='ocrx_word' id='word_1_192' title='bbox 996 1542 1054 1581; x_wconf 90' lang='lat' dir='ltr'>veri-</span> 
     </span>
     <span class='ocr_line' id='line_1_19' title="bbox 59 1621 1053 1679; baseline -0.01 -10"><span class='ocrx_word' id='word_1_193' title='bbox 59 1628 108 1669; x_wconf 89' lang='lat' dir='ltr'>tatis</span> <span class='ocrx_word' id='word_1_194' title='bbox 125 1627 250 1666; x_wconf 91' lang='lat' dir='ltr'>detrimento</span> <span class='ocrx_word' id='word_1_195' title='bbox 265 1629 351 1679; x_wconf 90' lang='lat' dir='ltr'>poterat</span> <span class='ocrx_word' id='word_1_196' title='bbox 366 1638 477 1679; x_wconf 78' lang='lat' dir='ltr'>occupare.</span> <span class='ocrx_word' id='word_1_197' title='bbox 507 1625 581 1678; x_wconf 88' lang='lat' dir='ltr'>Itaque</span> <span class='ocrx_word' id='word_1_198' title='bbox 592 1626 648 1678; x_wconf 90' lang='lat' dir='ltr'>ipsos</span> <span class='ocrx_word' id='word_1_199' title='bbox 659 1626 765 1679; x_wconf 84' lang='lat' dir='ltr'>principes</span> <span class='ocrx_word' id='word_1_200' title='bbox 776 1626 823 1665; x_wconf 91' lang='lat' dir='ltr'>illos</span> <span class='ocrx_word' id='word_1_201' title='bbox 833 1625 924 1665; x_wconf 88' lang='lat' dir='ltr'>muneris</span> <span class='ocrx_word' id='word_1_202' title='bbox 935 1621 1053 1675; x_wconf 89' lang='lat' dir='ltr'>apostolici,</span> 
     </span>
     <span class='ocr_line' id='line_1_20' title="bbox 60 1703 1054 1762; baseline -0.006 -15"><span class='ocrx_word' id='word_1_203' title='bbox 60 1706 153 1762; x_wconf 77' lang='lat' dir='ltr'>quamvis</span> <span class='ocrx_word' id='word_1_204' title='bbox 169 1705 224 1758; x_wconf 89' lang='lat' dir='ltr'>legis</span> <span class='ocrx_word' id='word_1_205' title='bbox 240 1703 310 1744; x_wconf 87' lang='lat' dir='ltr'>adhuc</span> <span class='ocrx_word' id='word_1_206' title='bbox 327 1704 418 1744; x_wconf 86' lang='lat' dir='ltr'>cultores</span> <span class='ocrx_word' id='word_1_207' title='bbox 435 1704 528 1745; x_wconf 89' lang='lat' dir='ltr'>assiduos</span> <span class='ocrx_word' id='word_1_208' title='bbox 546 1709 566 1744; x_wconf 91' lang='lat' dir='ltr'>et</span> <span class='ocrx_word' id='word_1_209' title='bbox 583 1705 685 1756; x_wconf 89' lang='lat' dir='ltr'>sinceros,</span> <span class='ocrx_word' id='word_1_210' title='bbox 705 1705 739 1745; x_wconf 88' lang='lat' dir='ltr'>isti</span> <span class='ocrx_word' id='word_1_211' title='bbox 759 1705 825 1745; x_wconf 89' lang='lat' dir='ltr'>errori</span> <span class='ocrx_word' id='word_1_212' title='bbox 845 1709 930 1744; x_wconf 90' lang='lat' dir='ltr'>strenue</span> <span class='ocrx_word' id='word_1_213' title='bbox 945 1716 967 1742; x_wconf 89' lang='lat' dir='ltr'>se</span> <span class='ocrx_word' id='word_1_214' title='bbox 984 1714 1054 1754; x_wconf 89' lang='lat' dir='ltr'>oppo-</span> 
     </span>
     <span class='ocr_line' id='line_1_21' title="bbox 50 1780 1053 1839; baseline -0.009 -12"><span class='ocrx_word' id='word_1_215' title='bbox 50 1786 122 1831; x_wconf 78' lang='lat' dir='ltr'>suisse</span> <span class='ocrx_word' id='word_1_216' title='bbox 137 1782 230 1823; x_wconf 89' lang='lat' dir='ltr'>videmus</span> <span class='ocrx_word' id='word_1_217' title='bbox 247 1781 330 1835; x_wconf 84' lang='lat' dir='ltr'>(Actor.</span> <span class='ocrx_word' id='word_1_218' title='bbox 344 1781 391 1833; x_wconf 90' lang='lat' dir='ltr'>XV,</span> <span class='ocrx_word' id='word_1_219' title='bbox 407 1783 496 1822; x_wconf 86' lang='lat' dir='ltr'>maxime</span> <span class='ocrx_word' id='word_1_220' title='bbox 511 1796 545 1836; x_wconf 78' lang='lat' dir='ltr'>vr.</span> <span class='ocrx_word' id='word_1_221' title='bbox 561 1783 596 1823; x_wconf 81' lang='lat' dir='ltr'>lc.</span> <span class='ocrx_word' id='word_1_222' title='bbox 612 1782 648 1823; x_wconf 88' lang='lat' dir='ltr'>ll.</span> <span class='ocrx_word' id='word_1_223' title='bbox 664 1782 699 1823; x_wconf 83' lang='grc'>19.</span> <span class='ocrx_word' id='word_1_224' title='bbox 714 1782 755 1831; x_wconf 73' lang='lat'>283</span> <span class='ocrx_word' id='word_1_225' title='bbox 771 1781 864 1839; x_wconf 69' lang='grc' dir='ltr'><strong>111Χὶ,</strong></span> <span class='ocrx_word' id='word_1_226' title='bbox 880 1780 928 1834; x_wconf 76' lang='lat'>17).</span> <span class='ocrx_word' id='word_1_227' title='bbox 959 1780 989 1820; x_wconf 88' lang='lat' dir='ltr'>At</span> <span class='ocrx_word' id='word_1_228' title='bbox 1003 1792 1053 1819; x_wconf 86' lang='lat' dir='ltr'>vero</span> 
     </span>
     <span class='ocr_line' id='line_1_22' title="bbox 59 1859 1054 1916; baseline -0.006 -14"><span class='ocrx_word' id='word_1_229' title='bbox 59 1863 132 1914; x_wconf 89' lang='lat' dir='ltr'>Pauli,</span> <span class='ocrx_word' id='word_1_230' title='bbox 147 1861 221 1914; x_wconf 85' lang='lat' dir='ltr'>magni</span> <span class='ocrx_word' id='word_1_231' title='bbox 237 1860 349 1913; x_wconf 82' lang='lat' dir='ltr'>gentilium</span> <span class='ocrx_word' id='word_1_232' title='bbox 365 1861 502 1902; x_wconf 88' lang='lat' dir='ltr'>ecclesiarum</span> <span class='ocrx_word' id='word_1_233' title='bbox 518 1862 640 1914; x_wconf 83' lang='lat' dir='ltr'>uoluminis,</span> <span class='ocrx_word' id='word_1_234' title='bbox 660 1876 711 1916; x_wconf 85' lang='lat' dir='ltr'>prae</span> <span class='ocrx_word' id='word_1_235' title='bbox 728 1863 815 1903; x_wconf 86' lang='lat' dir='ltr'>caeteris</span> <span class='ocrx_word' id='word_1_236' title='bbox 831 1863 941 1911; x_wconf 85' lang='lat' dir='ltr'>intererat,</span> <span class='ocrx_word' id='word_1_237' title='bbox 960 1859 1054 1911; x_wconf 89' lang='lat' dir='ltr'>probum</span> 
     </span>
     <span class='ocr_line' id='line_1_23' title="bbox 60 1930 1054 1993; baseline -0.004 -12"><span class='ocrx_word' id='word_1_238' title='bbox 60 1942 87 1981; x_wconf 90' lang='lat' dir='ltr'>de</span> <span class='ocrx_word' id='word_1_239' title='bbox 102 1940 156 1993; x_wconf 89' lang='lat' dir='ltr'>legis</span> <span class='ocrx_word' id='word_1_240' title='bbox 171 1940 191 1979; x_wconf 94' lang='lat' dir='ltr'>vi</span> <span class='ocrx_word' id='word_1_241' title='bbox 208 1930 232 1978; x_wconf 86' lang='lat' dir='ltr'>et</span> <span class='ocrx_word' id='word_1_242' title='bbox 246 1940 371 1980; x_wconf 86' lang='lat' dir='ltr'>auctoritate</span> <span class='ocrx_word' id='word_1_243' title='bbox 383 1939 491 1993; x_wconf 84' lang='lat' dir='ltr'>judicium</span> <span class='ocrx_word' id='word_1_244' title='bbox 506 1942 584 1993; x_wconf 89' lang='lat' dir='ltr'>ubique</span> <span class='ocrx_word' id='word_1_245' title='bbox 599 1945 701 1982; x_wconf 88' lang='lat' dir='ltr'>terrarum</span> <span class='ocrx_word' id='word_1_246' title='bbox 716 1942 773 1982; x_wconf 77' lang='lat' dir='ltr'>ferri,</span> <span class='ocrx_word' id='word_1_247' title='bbox 804 1941 825 1981; x_wconf 88' lang='lat' dir='ltr'>Is</span> <span class='ocrx_word' id='word_1_248' title='bbox 843 1942 898 1981; x_wconf 90' lang='lat' dir='ltr'>enirn</span> <span class='ocrx_word' id='word_1_249' title='bbox 915 1939 1000 1980; x_wconf 91' lang='lat' dir='ltr'>discidii</span> <span class='ocrx_word' id='word_1_250' title='bbox 1015 1950 1054 1991; x_wconf 85' lang='lat' dir='ltr'>per</span> 
     </span>
     <span class='ocr_line' id='line_1_24' title="bbox 61 2016 1054 2073; baseline -0.004 -13"><span class='ocrx_word' id='word_1_251' title='bbox 61 2030 144 2060; x_wconf 90' lang='lat' dir='ltr'>omnem</span> <span class='ocrx_word' id='word_1_252' title='bbox 159 2022 262 2058; x_wconf 83' lang='lat' dir='ltr'>terrarum</span> <span class='ocrx_word' id='word_1_253' title='bbox 278 2019 353 2058; x_wconf 87' lang='lat' dir='ltr'>orbem</span> <span class='ocrx_word' id='word_1_254' title='bbox 368 2020 423 2059; x_wconf 85' lang='lat' dir='ltr'>male</span> <span class='ocrx_word' id='word_1_255' title='bbox 439 2020 549 2073; x_wconf 88' lang='lat' dir='ltr'>gliscentis</span> <span class='ocrx_word' id='word_1_256' title='bbox 564 2021 644 2061; x_wconf 85' lang='lat' dir='ltr'>fructus</span> <span class='ocrx_word' id='word_1_257' title='bbox 659 2022 705 2073; x_wconf 89' lang='lat' dir='ltr'>ipse</span> <span class='ocrx_word' id='word_1_258' title='bbox 722 2021 874 2073; x_wconf 85' lang='lat' dir='ltr'>conspiciebat.</span> <span class='ocrx_word' id='word_1_259' title='bbox 915 2019 969 2059; x_wconf 89' lang='lat' dir='ltr'>Nam</span> <span class='ocrx_word' id='word_1_260' title='bbox 986 2031 1011 2057; x_wconf 89' lang='lat' dir='ltr'>ea</span> <span class='ocrx_word' id='word_1_261' title='bbox 1027 2016 1054 2056; x_wconf 91' lang='lat' dir='ltr'>de</span> 
     </span>
     <span class='ocr_line' id='line_1_25' title="bbox 60 2096 1054 2152; baseline -0.006 -12"><span class='ocrx_word' id='word_1_262' title='bbox 60 2113 83 2140; x_wconf 85' lang='lat' dir='ltr'>re</span> <span class='ocrx_word' id='word_1_263' title='bbox 99 2096 188 2138; x_wconf 84' lang='lat' dir='ltr'>Judaeis</span> <span class='ocrx_word' id='word_1_264' title='bbox 206 2100 227 2136; x_wconf 86' lang='lat' dir='ltr'>et</span> <span class='ocrx_word' id='word_1_265' title='bbox 243 2098 357 2150; x_wconf 87' lang='lat' dir='ltr'>gentilibus</span> <span class='ocrx_word' id='word_1_266' title='bbox 372 2099 475 2139; x_wconf 90' lang='lat' dir='ltr'>inunum</span> <span class='ocrx_word' id='word_1_267' title='bbox 491 2104 575 2141; x_wconf 83' lang='lat' dir='ltr'>coetum</span> <span class='ocrx_word' id='word_1_268' title='bbox 587 2099 668 2152; x_wconf 83' lang='lat' dir='ltr'>junctis</span> <span class='ocrx_word' id='word_1_269' title='bbox 683 2112 726 2138; x_wconf 91' lang='lat' dir='ltr'>uon</span> <span class='ocrx_word' id='word_1_270' title='bbox 741 2099 804 2139; x_wconf 80' lang='lat' dir='ltr'>facile</span> <span class='ocrx_word' id='word_1_271' title='bbox 820 2098 943 2139; x_wconf 88' lang='lat' dir='ltr'>convenisse</span> <span class='ocrx_word' id='word_1_272' title='bbox 959 2110 992 2137; x_wconf 91' lang='lat' dir='ltr'>res</span> <span class='ocrx_word' id='word_1_273' title='bbox 1008 2097 1054 2147; x_wconf 88' lang='lat' dir='ltr'>ipsa</span> 
     </span>
     <span class='ocr_line' id='line_1_26' title="bbox 60 2174 1054 2234; baseline -0.004 -16"><span class='ocrx_word' id='word_1_274' title='bbox 60 2178 130 2218; x_wconf 78' lang='lat' dir='ltr'>docet,</span> <span class='ocrx_word' id='word_1_275' title='bbox 154 2174 259 2215; x_wconf 90' lang='lat' dir='ltr'>Nimirum</span> <span class='ocrx_word' id='word_1_276' title='bbox 268 2175 382 2229; x_wconf 89' lang='lat' dir='ltr'>Apostolus</span> <span class='ocrx_word' id='word_1_277' title='bbox 392 2179 428 2218; x_wconf 92' lang='lat' dir='ltr'>ille</span> <span class='ocrx_word' id='word_1_278' title='bbox 439 2174 519 2220; x_wconf 90' lang='lat' dir='ltr'>eunctis</span> <span class='ocrx_word' id='word_1_279' title='bbox 530 2179 628 2234; x_wconf 90' lang='lat' dir='ltr'>gentibus</span> <span class='ocrx_word' id='word_1_280' title='bbox 636 2191 675 2231; x_wconf 88' lang='lat' dir='ltr'>per</span> <span class='ocrx_word' id='word_1_281' title='bbox 686 2179 752 2218; x_wconf 88' lang='lat' dir='ltr'>solam</span> <span class='ocrx_word' id='word_1_282' title='bbox 761 2177 828 2217; x_wconf 86' lang='lat' dir='ltr'>fidem</span> <span class='ocrx_word' id='word_1_283' title='bbox 838 2177 866 2217; x_wconf 91' lang='lat' dir='ltr'>ad</span> <span class='ocrx_word' id='word_1_284' title='bbox 872 2176 953 2217; x_wconf 81' lang='lat' dir='ltr'>Christi</span> <span class='ocrx_word' id='word_1_285' title='bbox 963 2175 1054 2230; x_wconf 87' lang='lat' dir='ltr'>gratiam</span> 
     </span>
     <span class='ocr_line' id='line_1_27' title="bbox 60 2252 1055 2312; baseline -0.007 -14"><span class='ocrx_word' id='word_1_286' title='bbox 60 2256 141 2298; x_wconf 83' lang='lat' dir='ltr'>aditum</span> <span class='ocrx_word' id='word_1_287' title='bbox 158 2252 250 2307; x_wconf 88' lang='lat' dir='ltr'>aperuit,</span> <span class='ocrx_word' id='word_1_288' title='bbox 270 2253 300 2292; x_wconf 88' lang='lat' dir='ltr'>ita</span> <span class='ocrx_word' id='word_1_289' title='bbox 315 2259 338 2293; x_wconf 93' lang='lat' dir='ltr'>ut</span> <span class='ocrx_word' id='word_1_290' title='bbox 352 2257 464 2308; x_wconf 83' lang='lat' dir='ltr'>gentilicia</span> <span class='ocrx_word' id='word_1_291' title='bbox 482 2259 523 2298; x_wconf 87' lang='lat' dir='ltr'>ista</span> <span class='ocrx_word' id='word_1_292' title='bbox 537 2258 592 2312; x_wconf 91' lang='lat' dir='ltr'>legis</span> <span class='ocrx_word' id='word_1_293' title='bbox 608 2257 634 2297; x_wconf 87' lang='lat' dir='ltr'>de</span> <span class='ocrx_word' id='word_1_294' title='bbox 651 2258 709 2298; x_wconf 92' lang='lat' dir='ltr'>cultu</span> <span class='ocrx_word' id='word_1_295' title='bbox 731 2262 751 2297; x_wconf 93' lang='lat' dir='ltr'>et</span> <span class='ocrx_word' id='word_1_296' title='bbox 770 2257 828 2297; x_wconf 89' lang='lat' dir='ltr'>omni</span> <span class='ocrx_word' id='word_1_297' title='bbox 847 2257 905 2297; x_wconf 90' lang='lat' dir='ltr'>victu</span> <span class='ocrx_word' id='word_1_298' title='bbox 924 2254 1055 2310; x_wconf 88' lang='lat' dir='ltr'>praescripta</span> 
     </span>
     <span class='ocr_line' id='line_1_28' title="bbox 60 2331 1055 2390; baseline -0.004 -15"><span class='ocrx_word' id='word_1_299' title='bbox 60 2334 88 2374; x_wconf 85' lang='lat' dir='ltr'>ad</span> <span class='ocrx_word' id='word_1_300' title='bbox 108 2334 199 2386; x_wconf 86' lang='lat' dir='ltr'>reliquas</span> <span class='ocrx_word' id='word_1_301' title='bbox 220 2334 294 2385; x_wconf 87' lang='lat' dir='ltr'>gentes</span> <span class='ocrx_word' id='word_1_302' title='bbox 315 2331 370 2372; x_wconf 87' lang='lat' dir='ltr'>nihil</span> <span class='ocrx_word' id='word_1_303' title='bbox 389 2336 496 2387; x_wconf 88' lang='lat' dir='ltr'>pertinere</span> <span class='ocrx_word' id='word_1_304' title='bbox 515 2335 620 2388; x_wconf 86' lang='lat' dir='ltr'>traderet,</span> <span class='ocrx_word' id='word_1_305' title='bbox 646 2337 685 2376; x_wconf 92' lang='lat' dir='ltr'>nisi</span> <span class='ocrx_word' id='word_1_306' title='bbox 707 2336 765 2390; x_wconf 88' lang='lat' dir='ltr'>quod</span> <span class='ocrx_word' id='word_1_307' title='bbox 789 2350 853 2377; x_wconf 89' lang='lat' dir='ltr'>unam</span> <span class='ocrx_word' id='word_1_308' title='bbox 873 2335 900 2376; x_wconf 91' lang='lat' dir='ltr'>de</span> <span class='ocrx_word' id='word_1_309' title='bbox 922 2346 992 2374; x_wconf 89' lang='lat' dir='ltr'>amore</span> <span class='ocrx_word' id='word_1_310' title='bbox 1011 2331 1055 2371; x_wconf 86' lang='lat' dir='ltr'>Dei</span> 
     </span>
     <span class='ocr_line' id='line_1_29' title="bbox 60 2409 1055 2469; baseline 0 -19"><span class='ocrx_word' id='word_1_311' title='bbox 60 2409 210 2465; x_wconf 88' lang='lat' dir='ltr'>hominumque</span> <span class='ocrx_word' id='word_1_312' title='bbox 229 2411 301 2464; x_wconf 87' lang='lat' dir='ltr'>legem</span> <span class='ocrx_word' id='word_1_313' title='bbox 321 2422 359 2464; x_wconf 88' lang='lat' dir='ltr'>per</span> <span class='ocrx_word' id='word_1_314' title='bbox 378 2411 444 2453; x_wconf 88' lang='lat' dir='ltr'>fidem</span> <span class='ocrx_word' id='word_1_315' title='bbox 464 2415 487 2454; x_wconf 93' lang='lat' dir='ltr'>in</span> <span class='ocrx_word' id='word_1_316' title='bbox 508 2413 609 2455; x_wconf 89' lang='lat' dir='ltr'>cordibus</span> <span class='ocrx_word' id='word_1_317' title='bbox 633 2414 760 2469; x_wconf 89' lang='lat' dir='ltr'>insculptam</span> <span class='ocrx_word' id='word_1_318' title='bbox 781 2415 807 2455; x_wconf 88' lang='lat' dir='ltr'>iis</span> <span class='ocrx_word' id='word_1_319' title='bbox 833 2412 1001 2463; x_wconf 86' lang='lat' dir='ltr'>commendaret,</span> <span class='ocrx_word' id='word_1_320' title='bbox 1028 2412 1055 2451; x_wconf 85' lang='lat' dir='ltr'>ab</span> 
     </span>
     <span class='ocr_line' id='line_1_30' title="bbox 60 2489 1054 2549; baseline -0.003 -16"><span class='ocrx_word' id='word_1_321' title='bbox 60 2489 160 2548; x_wconf 82' lang='lat' dir='ltr'>omnique</span> <span class='ocrx_word' id='word_1_322' title='bbox 176 2490 291 2531; x_wconf 88' lang='lat' dir='ltr'>offensione</span> <span class='ocrx_word' id='word_1_323' title='bbox 308 2495 391 2532; x_wconf 85' lang='lat' dir='ltr'>caveret</span> <span class='ocrx_word' id='word_1_324' title='bbox 406 2492 523 2533; x_wconf 88' lang='lat' dir='ltr'>secundum</span> <span class='ocrx_word' id='word_1_325' title='bbox 539 2492 649 2535; x_wconf 88' lang='lat' dir='ltr'>decretum</span> <span class='ocrx_word' id='word_1_326' title='bbox 658 2494 713 2536; x_wconf 91' lang='lat' dir='ltr'>illud</span> <span class='ocrx_word' id='word_1_327' title='bbox 725 2495 867 2549; x_wconf 87' lang='lat' dir='ltr'>apostolorum</span> <span class='ocrx_word' id='word_1_328' title='bbox 877 2492 1054 2546; x_wconf 88' lang='lat' dir='ltr'>sapientissimum</span> 
     </span>
    </p>
   </div>
   <div class='ocr_carea' id='block_1_4' title="bbox 61 2566 1054 2628">
    <p class='ocr_par' dir='ltr' id='par_1_5' title="bbox 61 2566 1054 2628">
     <span class='ocr_line' id='line_1_31' title="bbox 61 2566 1054 2628; baseline 0.001 -18"><span class='ocrx_word' id='word_1_329' title='bbox 61 2567 119 2622; x_wconf 85' lang='lat' dir='ltr'>(Aet.</span> <span class='ocrx_word' id='word_1_330' title='bbox 135 2566 177 2618; x_wconf 92' lang='lat' dir='ltr'>lV,</span> <span class='ocrx_word' id='word_1_331' title='bbox 198 2567 245 2622; x_wconf 81' lang='lat'>29).</span> <span class='ocrx_word' id='word_1_332' title='bbox 287 2571 316 2611; x_wconf 90' lang='lat' dir='ltr'>At</span> <span class='ocrx_word' id='word_1_333' title='bbox 333 2570 422 2613; x_wconf 84' lang='lat' dir='ltr'>Judueis</span> <span class='ocrx_word' id='word_1_334' title='bbox 443 2585 468 2612; x_wconf 85' lang='lat' dir='ltr'>ea</span> <span class='ocrx_word' id='word_1_335' title='bbox 482 2571 599 2615; x_wconf 89' lang='lat' dir='ltr'>liberalitas</span> <span class='ocrx_word' id='word_1_336' title='bbox 620 2579 681 2628; x_wconf 89' lang='lat' dir='ltr'>atque</span> <span class='ocrx_word' id='word_1_337' title='bbox 696 2574 813 2616; x_wconf 85' lang='lat' dir='ltr'>moderatio</span> <span class='ocrx_word' id='word_1_338' title='bbox 835 2575 880 2614; x_wconf 83' lang='lat' dir='ltr'>fere</span> <span class='ocrx_word' id='word_1_339' title='bbox 900 2586 944 2614; x_wconf 91' lang='lat' dir='ltr'>non</span> <span class='ocrx_word' id='word_1_340' title='bbox 965 2571 1054 2613; x_wconf 83' lang='lat' dir='ltr'>suffecit.</span> 
     </span>
    </p>
   </div>
   <div class='ocr_carea' id='block_1_5' title="bbox 0 0 1133 2884">
    <p class='ocr_par' dir='ltr' id='par_1_6' title="bbox 0 0 1133 2884">
     <span class='ocr_line' id='line_1_32' title="bbox 0 0 1133 2884; baseline 0 0"><span class='ocrx_word' id='word_1_341' title='bbox 0 0 1133 2884; x_wconf 95' lang='lat' dir='ltr'> </span> 
     </span>
    </p>
   </div>
  </div>
 </body>
</html>
