2250 2884
49 216 122 257 locum
137 217 196 258 ilhrm
211 216 348 269 notissimum,
365 218 392 259 de
408 233 448 273 quo
460 220 528 260 acturi
538 233 618 272 sumus,
634 233 681 275 cap.
693 221 721 261 ΙΙ.
730 235 764 263 vv.
780 222 815 263 14.
827 220 863 263 15.
878 222 920 276 16,
935 225 1052 277 praecipue
1105 217 1122 271 i

51 295 116 337 ondit.
161 295 183 335 Is
207 296 264 335 enim
291 296 409 337 secundum
431 299 542 353 vulgarem
565 286 763 355 interpretationem
786 303 898 343 interserta
922 302 965 344 hac
989 304 1053 344 illave
1109 285 1124 309 W

50 375 154 416 sententia
174 376 282 416 contextui
303 376 460 430 quodammodo
482 378 605 433 adaptatur,
627 385 648 420 et
672 380 700 420 ad
727 394 832 422 summum
861 381 926 421 finem
951 384 1054 435 epistolae
1122 365 1124 401 3

51 455 154 508 trahitur,
171 455 209 496 sed
225 457 255 496 ita
270 460 292 495 ut
301 470 383 510 semper
397 458 478 511 aliquid
489 458 536 498 hiet
547 459 581 499 vel
593 459 683 499 otiosum
692 459 795 501 videatur.
827 460 879 501 Meo
889 465 959 501 autem
967 461 1054 516 judicio
1116 459 1118 461 ’

50 535 99 575 talis
115 539 156 587 est,
172 540 196 576 ut
212 535 240 576 ad
255 527 310 576 ilhrd
325 537 423 589 proxime
438 538 513 577 tendat
528 538 593 592 idque
605 539 694 593 egregie
706 538 798 591 efficiat,
815 540 873 594 quod
885 540 999 594 praecipue
1009 541 1055 581 vult
1118 545 1124 577 s

53 616 167 669 apostolus.
207 615 332 669 Priusquam
352 617 419 671 igitur
437 617 465 657 ad
484 622 565 658 textum
585 618 675 658 ineuntis
692 618 794 671 epistolae
810 619 947 671 accedamus,
962 620 1055 673 praefari

52 695 155 736 nonnulla
170 695 234 735 liceat
250 695 277 734 de
294 709 329 746 eo,
347 696 406 749 quod
415 696 481 738 Paulo
498 703 543 738 erat
556 699 700 752 propositum,
715 705 756 740 nec
771 711 821 739 vero
833 712 875 739 non
887 700 956 739 obiter
967 712 1053 739 monere

54 773 82 815 de
99 788 123 815 ea
128 804 134 826 ,
151 788 193 827 qua
207 771 283 825 utitur,
298 775 368 814 forma
384 777 510 829 scriptionis.

156 854 195 893 Est
211 854 269 893 enim
283 867 333 894 vere
348 868 374 895 ae
389 857 477 909 proprie
497 856 587 909 epistola
601 856 712 908 habenda,
734 856 831 897 liberiori
847 856 921 897 ordine
939 870 1006 910 eoque
1027 856 1055 896 ad

53 946 98 973 rem
120 937 141 972 et
157 932 247 973 affectus
263 938 313 987 apto
328 933 407 987 fluens,
422 934 466 989 {neo
481 948 531 976 vero
546 936 652 976 institutio
668 935 793 976 methodica
807 937 841 976 vel
856 932 974 989 κατήχησιν
984 937 1055 989 aliqua
1113 962 1115 966 -

56 1012 174 1067 epistolicis
194 1013 281 1066 insuper
301 1014 397 1054 formulis
418 1018 497 1054 ornata.
539 1014 598 1064 Quin
618 1026 658 1067 per
678 1026 750 1054 omnes
771 1012 816 1066 ejus
837 1019 908 1068 partes
929 1030 971 1056 una
991 1021 1012 1055 et
1031 1029 1056 1055 ea
1120 1062 1121 1065 Ἴ

56 1092 118 1146 quasi
134 1092 183 1132 viva
198 1092 326 1146 significatio
342 1093 435 1144 pertinet
449 1098 495 1133 tum
510 1105 624 1145 personae,
633 1099 635 1104 ’
645 1106 707 1146 quam
722 1093 802 1146 agebat
817 1095 909 1147 scriptor
930 1094 1009 1149 (modo
1025 1096 1056 1137 sio

57 1169 120 1224 loqui
136 1168 163 1209 de
179 1174 251 1211 sancto
267 1170 305 1210 isso
321 1174 409 1224 pectore
421 1169 503 1224 liceat),
520 1176 565 1210 tum
582 1184 655 1211 eorum
670 1168 818 1225 ingeniorum,
834 1185 887 1225 quae
904 1185 951 1213 cum
965 1174 1057 1213 maxime
1123 1179 1124 1182 ’

57 1249 182 1303 indigerent
202 1244 299 1289 aeternae
318 1250 411 1290 veritatis
431 1249 533 1290 remedio.
571 1249 677 1290 Nimirum
697 1250 723 1289 iis
744 1263 766 1289 se
785 1246 855 1303 primo
875 1250 964 1291 exhibet
978 1264 1057 1305 suaque

61 1330 216 1380 communicat,
239 1329 275 1381 qui
289 1342 329 1369 nec
344 1324 425 1382 ipsum,
446 1343 486 1370 nee
507 1329 627 1371 doctrinam
645 1328 698 1369 huic
714 1328 812 1381 apostolo
826 1325 942 1383 'praecipue
957 1329 1058 1369 traditam

61 1407 100 1462 [rr
115 1399 239 1460 εὐαγγέλιόν
258 1421 295 1465 μου
316 1408 437 1462 frequenter
457 1407 524 1462 dicit]
541 1412 692 1462 cognoverant.
728 1406 756 1446 Id
772 1410 842 1447 autem
856 1408 930 1462 magni
944 1402 1057 1448 referebat.

60 1485 96 1527 Ex
118 1486 190 1543 divino
217 1488 273 1528 enirn
295 1487 384 1528 consilio
411 1487 439 1527 ad
460 1500 494 1528 eos
519 1488 575 1541 ipsos
602 1487 723 1541 pertinebat
747 1499 821 1527 munus
842 1486 910 1527 Paulo
936 1486 1058 1542 delegatum

60 1564 101 1620 (ad
110 1564 202 1606 Romi.
219 1564 348 1606 (11οψ15.
370 1566 417 1606 XV.
429 1564 463 1607 15.
474 1565 512 1618 16,
527 1565 563 1620 al.)
595 1557 919 1620 Impenseigiturhpostolusc‘
933 1553 1057 1615 ereditur

61 1643 146 1698 (omnes
161 1648 246 1697 praeter
262 1659 325 1685 unam
336 1645 394 1685 domi
402 1644 515 1686 «Iudaicam
524 1639 610 1699 gentes)
627 1645 655 1685 ad
670 1657 761 1699 magnae
776 1644 834 1686 iliius
848 1645 917 1698 urbis,
933 1659 987 1698 quae
999 1645 1058 1699 quasi

61 1728 131 1764 totum
147 1725 222 1764 orbem
237 1729 354 1779 spectaret,
369 1721 449 1766 incolas
464 1725 556 1765 muneris
573 1725 605 1764 sui
619 1724 723 1776 fructum,
739 1720 814 1765 sinon
830 1737 876 1776 ore,
891 1725 964 1765 saltem
979 1724 1059 1776 scripto

60 1815 184 1856 propagare
200 1803 306 1844 studebat.
342 1804 412 1857 Atque
429 1808 486 1843 erant
502 1803 589 1856 quidem
604 1802 647 1855 illi,
668 1802 696 1842 ad
712 1815 763 1855 quos
779 1802 829 1842 data
844 1807 875 1842 est
886 1799 989 1855 epistola,
1004 1802 1060 1842 viam

12 1892 14 1894 ·
62 1883 134 1922 salutis
149 1881 235 1936 pridem
251 1882 334 1933 edocti,
351 1882 381 1923 sic
392 1887 463 1922 tamen
477 1887 511 1934 ut,
527 1881 586 1935 quod
596 1895 635 1935 per
646 1880 741 1922 Judaeos
752 1881 833 1934 aliquos
844 1875 919 1921 recens
927 1879 1059 1921 Christianos

63 1961 187 2002 inchoatum
208 1961 306 2014 videtur,
328 1962 466 2015 apostolicam
487 1975 574 2015 operam
596 1965 617 2001 et
637 1959 694 2001 velut
713 1972 799 2000 manum
819 1959 916 1999 ultimam
938 1959 1059 2013 requireret.

63 2042 191 2093 Quanquam
205 2040 285 2081 fatente
301 2042 347 2096 ipso
363 2041 430 2082 Paulo
446 2040 550 2094 simplicia
564 2038 616 2079 fidei
634 2039 712 2079 semina
731 2052 775 2079 non
796 2039 896 2079 carebant
912 2051 954 2078 suov
969 2038 997 2078 ad
1012 2038 1060 2078 illu-

63 2118 161 2160 strandos
177 2124 198 2160 et
212 2121 344 2162 renovandos
359 2134 398 2174 per
413 2120 521 2161 Christum
536 2119 616 2159 animos
631 2118 702 2160 fructu
718 2116 750 2171 (1,
766 2116 787 2157 8.
808 2116 844 2169 15,
860 2117 956 2172 1415).
987 2117 1060 2170 Neque

64 2199 131 2254 igitur
141 2197 185 2239 hoc
199 2200 256 2253 agit,
273 2204 295 2240 ut
307 2201 365 2253 quasi
376 2214 450 2256 agrum
464 2200 529 2254 plane
544 2198 649 2239 incultum
664 2199 734 2252 prima
749 2201 822 2252 segete
837 2197 941 2252 evangelii
957 2202 1060 2238 exerceat.

63 2277 144 2320 lmbuti
161 2279 247 2319 omnino
263 2284 322 2319 erant
337 2293 386 2320 sano
403 2279 516 2334 evangelio
533 2282 554 2318 et
564 2276 650 2318 Christo
667 2290 716 2319 vere
727 2277 789 2318 insiti.
820 2276 879 2318 Hinc
890 2281 928 2327 est,
944 2274 1001 2328 quod
1013 2275 1060 2329 ipso

65 2358 172 2411 principio
194 2358 297 2411 epistolae
318 2357 354 2412 (1,
370 2357 452 2412 1-6.)
474 2370 575 2399 summam
595 2357 712 2411 evangelii,
738 2357 776 2397 sed
796 2370 842 2397 eam
862 2354 945 2395 nonnisi
969 2354 1060 2407 expertis

65 2450 90 2477 ac
116 2439 184 2489 probe
205 2437 294 2478 initiatis
316 2442 422 2491 apertam,
461 2438 530 2478 obiter
559 2440 710 2477 commemorat
737 2427 780 2490 (ὦς
801 2425 986 2489 ἐπαναμιμνήσκων
1008 2423 1063 2490 ὑμεῖς

64 2515 112 2568 XV,
128 2515 164 2556 15.
186 2518 213 2558 cf.
229 2516 371 2569 maximelV,
386 2515 422 2558 25.
440 2515 487 2571 26).
524 2515 588 2556 Nulla
604 2517 660 2557 enim
678 2515 752 2557 animis
768 2504 874 2554 dubitatio
889 2513 1013 2554 inhaerebat
1034 2511 1061 2552 de
