2250 2884
493 30 592 85 ..14
631 68 661 75 -

81 171 125 207 tum
134 181 191 219 vero,
208 166 265 221 quod
275 160 382 206 emortuis
393 168 511 217 revocatus,
528 165 629 219 deinceps
641 157 659 207 ἒν
670 157 761 223 dunipast,
776 165 798 204 h.
807 177 830 204 e.
842 166 865 205 in
875 165 984 219 majestate
997 165 1074 216 divina,

82 231 205 285 constitutus
214 245 240 284 sit
246 243 286 284 Dei
295 244 350 284 filins
360 240 635 300 onmirrmqueDominns.’¹‘)
653 247 738 288 Nemini
748 245 964 297 dubinrnerit,1n0do
975 245 1076 299 epistolae

79 321 176 364 'indolem
191 323 267 376 sapiat,
283 324 332 378 quin
345 323 388 363 duo
402 323 456 364 haec
468 329 576 365 momenta
589 327 706 380 evangelii,
726 326 781 366 nard
795 318 865 385 eoique
874 329 901 364 'et
916 319 971 365 κιιιιί
988 319 1072 381 πνεῦμα,

29 416 31 419 ’
83 404 105 442 ir.
120 404 133 443 l.
149 416 188 457 per
204 397 313 456 emphasin
328 401 368 441 sibi
385 405 530 455 opponantur,
551 417 591 444 nec
607 405 680 445 minus
692 404 746 444 illud
761 396 881 457 ἁγιωσύνης,
897 403 980 444 divinae
997 404 1077 445 Christi

84 486 171 522 naturae
191 482 302 534 indicium,
324 481 346 521 lr.
361 482 375 521 l.
392 480 501 535 adjectum
523 482 550 522 ad
565 483 609 524 lroc
624 484 695 536 ipsum
711 486 796 538 vergat,
821 498 863 537 quo
878 483 941 524 unice
955 480 1025 523 tendit
1036 483 1077 535 Ap.

84 559 182 615 Denique
198 560 293 601 attendas
308 550 338 602 uir
354 555 417 620 aripret
433 553 497 615 aipein,
514 562 592 614 quippe
608 559 676 614 aquo
692 561 738 601 solo
754 562 814 601 salus
824 563 850 603 sit
864 562 966 616 petenda,
981 562 1078 615 proxime

85 639 160 679 referri
176 639 204 679 ad
219 638 357 695 obsequium,
379 653 423 679 non
439 639 504 692 legis,
531 638 568 679 sed
584 640 700 693 euangelii,
722 638 847 693 Per-fidem
861 639 1079 697 geatibae'omnibas

86 718 235 770 praestandum
251 718 298 764 (cfr.
311 717 358 770 XV,
371 717 408 758 18.
428 717 486 769 XVI,
499 716 582 758 19:26.
608 718 636 758 cf.
652 718 674 758 ll
687 718 736 761 Cor.
748 718 775 770 X,
788 717 819 768 5.)
840 724 903 772 atque
919 720 1000 760 Christi
1014 720 1077 761 solius

85 809 162 836 nornen
178 811 192 837 s.
204 796 295 850 gloriam
310 797 340 837 sic
356 795 556 837 concelebrandam.
572 804 574 816 ⁵
588 793 664 836 Obiter
679 802 747 838 autem
758 811 845 850 moneo,
865 797 964 839 omnibns
979 793 1078 851 ‘gentihus

85 874 149 914 'etiam
154 870 266 915 Jrrdaicam
276 875 386 926 contineri,
397 875 435 922 [cf.
445 868 519 920 πιίνπις
529 868 649 937 ardebimus
656 876 703 915 Act.
709 875 778 927 XXII,
785 874 831 925 15.)
842 889 909 928 neque
917 869 1078 917 Paulunre'droiv

85 954 131 994 fere
146 967 224 994 nornen
237 954 278 1007 piro
288 949 377 1007 judaico
390 953 493 1007 loquendi
504 967 543 993 usn
554 952 699 1006 adstringere,
714 954 755 993 nisi
767 954 784 993 si
796 954 928 994 Judaeorurn
944 958 964 993 et
979 955 1078 1010 reliqua-

87 1027 139 1074 ι’·ιιιιι.
148 1030 249 1087 ‘gentium
266 1033 371 1074 distinctio
386 1035 447 1071 textu
459 1032 559 1072 orationis
572 1036 644 1085 aperte
657 1033 765 1072 innuitur·
785 1026 836 1082 Qua
844 1032 870 1072 de
881 1046 904 1072 re
920 1033 976 1072 infra
992 1031 1079 1073 dicetur.

189 1105 293 1151 Continuo
309 1103 402 1156 verende
412 1105 493 1158 πίσπιις
506 1125 526 1151 ·v.
539 1109 559 1150 8.
576 1111 677 1165 elogium·
687 1124 731 1151 non
743 1111 819 1150 frustra
834 1111 864 1151 sic
879 1111 965 1150 seorsim
980 1111 1078 1162 positum,

87 1187 166 1229 deinde
182 1189 235 1229 illud
250 1183 333 1242 pondus
347 1178 502 1241 verborumr'qi
517 1184 608 1248 λατρεύω
624 1182 643 1230 ἔν
658 1184 685 1243 τῷ
698 1183 797 1244 πνεύματί
811 1192 916 1243 peninon
929 1192 1026 1240 externo,
1038 1188 1079 1228 sed

87 1268 183 1309 interiori
203 1274 248 1321 per
261 1281 336 1308 novum
355 1268 451 1322 spiritum
471 1268 529 1309 cultu
542 1277 617 1321 “eoque
635 1273 750 1323 perpetuo]
770 1272 826 1306 totns
851 1268 889 1306 ain
902 1266 1019 1319 ¹evangelio
1040 1266 1078 1305 filii

86 1345 128 1386 Dei
140 1351 161 1385 et
172 1345 287 1393 nuntiando
295 1351 321 1386 et
332 1346 458 1399 sequendo,a
477 1347 571 1389 sufficiat
582 1346 693 1388 indicasse.
725 1345 798 1397 Quid?
815 1345 938 1399 quoduihil
950 1344 1008 1385 alind
1024 1345 1080 1385 desi-

89 1423 159 1476 derat,
180 1426 220 1465 nisi
236 1429 259 1465 nt
277 1438 286 1465 ιι
294 1421 374 1466 donum
389 1425 500 1478 quoddam
515 1426 609 1479 spiritale
616 1439 626 1466 ιι
647 1426 689 1466 illis
704 1425 846 1479 impertiatur,
868 1424 952 1463 omnino
969 1435 1024 1475 cam,
1040 1436 1081 1476 qua

70 1491 71 1494 Ἴ
89 1508 110 1543 et
125 1505 158 1544 illi
173 1505 263 1545 maxime
278 1505 416 1559 indigebant,
433 1508 455 1554 et
466 1503 549 1544 Paulus
558 1516 610 1556 prae
623 1505 710 1546 caeteris
723 1503 831 1557 pollebat,
846 1502 969 1556 sapientiam
984 1514 996 1539 a
1011 1503 1081 1556 specie

90 1595 160 1623 rerum
168 1589 189 1623 et
197 1579 273 1623 umbra
283 1598 372 1626 aversam
382 1589 403 1624 et
413 1588 479 1624 totam
490 1584 512 1624 in
523 1584 604 1638 spirita
613 1581 772 1623 coelestisvitae
775 1577 869 1633 fideque
878 1578 968 1618 defixam
974 1579 1080 1633 intelligit.

90 1661 139 1711 Quo
155 1663 222 1717 magis
238 1676 289 1717 opus
305 1678 349 1705 esse
365 1664 468 1714 ducebat,
482 1659 513 1719 'ut
528 1661 646 1702 modestam
667 1665 688 1700 et
702 1673 751 1700 vere
767 1658 865 1699 divinam.
876 1658 934 1698 illam
949 1658 1030 1723 amoris
1040 1671 1080 1698 vo-

61 1737 63 1739 *
91 1741 138 1781 cem
152 1755 170 1782 v.
184 1740 214 1781 12
229 1741 322 1782 adderet.

191 1820 240 1861 Jarn
256 1834 306 1861 vero
322 1811 426 1874 apostolus
446 1831 485 1873 per
501 1831 538 1872 ea,
558 1817 659 1871 qnaede
679 1818 801 1858 suisrehus
817 1823 838 1857 et
854 1818 920 1858 effuso
936 1818 959 1856 in
973 1816 1079 1858 Romanos

92 1900 160 1938 animo
177 1898 250 1950 effert,
271 1899 333 1939 nulla
349 1904 405 1951 arte,
428 1897 467 1938 sed
486 1901 561 1952 sponte
583 1896 701 1949 sensimque
721 1896 743 1935 in
758 1895 850 1935 mediam
872 1909 956 1936 causam
972 1895 1080 1937 delabitur.

89 1975 164 2029 Neque
180 1978 235 2017 enirn
246 1978 340 2018 muneris
347 1975 348 1979 ’
356 1978 388 2017 sni
397 1978 491 2017 fructum
500 1974 581 2015 'offerre
594 1975 620 2014 iis
630 1977 708 2027 potest,
725 1974 775 2025 qrrirr
787 1975 887 2014 continno
899 1986 968 2015 arcem
978 1975 1082 2029 evangelii

92 2055 133 2095 sibi
149 2054 264 2096 concrediti
279 2056 358 2110 aperiat
374 2055 413 2110 (cf.
426 2054 446 2096 l.
457 2052 506 2094 Gor.
520 2051 558 2104 IX,
574 2051 615 2092 16.
626 2050 672 2106 17).
704 2050 761 2093 Illud
776 2051 831 2092 enirn
845 2058 887 2093 tam
901 2054 943 2093 late
958 2057 1031 2107 patere
1046 2054 1080 2106 ait,

91 2190 388 2198 -—-——-——-——-

115 2263 130 2304 *l
147 2262 173 2310 'Eu
185 2259 265 2323 δυνάμει
278 2274 322 2314 quod
334 2273 414 2305 hocloco
426 2272 448 2304 de
459 2270 544 2313 majestate
554 2268 631 2308 coelesti,
648 2278 689 2310 qnae
702 2258 725 2316 ’td
736 2257 829 2321 daberelqr
839 2269 854 2302 11
863 2269 901 2302 Gor.
912 2268 956 2307 Xlll,
965 2268 980 2298 4.
993 2255 1016 2312 τῇ
1026 2266 1083 2302 aava

174 2321 245 2385 colpam
256 2331 352 2372 opponitur,
362 2333 445 2374 intelligo,
461 2332 565 2364 conferantur
574 2328 604 2361 tlt.
614 2327 676 2369 xxvi,
687 2330 711 2362 64.
727 2330 762 2363 Act.
772 2329 792 2370 ll,
802 2331 826 2363 33.
837 2332 861 2363 36.
876 2329 897 2369 V,
908 2329 932 2360 30.
943 2327 968 2358 31.
983 2326 1024 2369 Epir.
1035 2328 1048 2368 l,
1057 2329 1082 2361 20.

172 2395 223 2428 llcbr.
231 2391 244 2432 l,
252 2393 261 2422 3
269 2400 282 2422 s.
291 2390 365 2423 ll'l'lress.
376 2391 387 2423 1.
395 2394 410 2423 7.
431 2391 497 2425 Deinde
506 2396 524 2423 ut
534 2377 622 2444 ὅξισθθῖς
632 2398 666 2421 non
677 2390 790 2424 „declaratum
801 2391 853 2432 (quod
863 2399 884 2421 ne
893 2390 948 2428 potest
959 2387 1022 2427 quidem
1033 2389 1082 2429 csse),

122 2490 124 2494 ,
174 2450 332 2488 ιεᾱιιοοιιεῑίῐιιῐιιειι
344 2451 607 2495 vertam,cogitloquendiusus.
629 2448 654 2482 Gi.
662 2450 725 2492 ActX,
735 2452 760 2484 42.
773 2449 826 2489 nvn,
834 2450 859 2481 31.
880 2445 975 2479 V.Irenica.
996 2444 1082 2479 idoniare

128 2499 134 2506 ”
175 2515 191 2548 ι.
200 2514 211 2546 ι,
224 2511 269 2554 quoa
278 2493 370 2564 cibatui
381 2510 396 2551 (ι
403 2510 449 2555 Par.
460 2509 480 2550 n,
491 2512 546 2545 e-ro,
560 2511 602 2553 upa.
614 2510 634 2551 ιι,
646 2510 678 2552 ra)
724 2553 725 2556 Ἴ
1051 2507 1053 2510 ·
