2250 2884
492 71 658 112 ..23...

75 191 123 232 dem
139 191 181 231 Dei
197 190 303 246 judicium
322 192 345 232 in
364 195 436 244 aperta
455 191 503 231 luce
522 194 641 246 positurum
661 198 693 234 est
713 191 786 233 abdita
806 193 906 232 mentium
927 195 948 231 et
962 190 1069 243 interiora,

74 286 128 326 quae
143 286 201 313 nunc
217 273 304 325 quidem
319 271 358 311 sub
374 270 427 311 falsa
442 271 512 323 specie
528 277 548 311 et
559 272 614 312 vitae
624 272 701 314 habitu
711 277 809 325 tegantur
825 262 902 329 (diripe
917 258 1070 325 ιίιιιιιιιλιιψιως

67 365 91 391 u.
104 351 136 401 5).
169 352 227 392 Dens
243 363 293 391 vero
310 342 320 389 ι’
338 340 495 407 καρδιογνώστης
509 362 545 389 sua
561 352 636 402 cuique
651 351 710 391 facta
726 353 754 398 [ι.
768 349 791 400 ιι)
806 364 930 405 repensurus
944 358 984 402 est,
1003 351 1034 390 ita
1047 354 1070 389 ιιι

67 434 143 470 tamen
153 444 198 471 non
211 430 326 481 conspicua
336 430 405 483 specie
420 429 525 469 actionum
535 428 573 468 sibi
584 429 665 483 imponi
676 432 741 482 sinat,
757 430 795 470 sed
807 431 843 471 ille
856 430 941 482 quidem
952 429 1070 470 secundum

72 509 201 553 interiorem
200 508 279 549 vetita
281 513 324 548 tem
334 506 398 556 (uerti
406 501 532 557 eniteant
540 507 565 558 2)
575 514 621 548 sen
623 511 701 550 eniam
709 510 769 548 fera
788 509 921 550 Estteroea
929 508 972 548 dies
982 508 1067 548 omnino

74 584 175 629 omnibus
193 593 249 640 pan
251 601 273 627 er
288 589 357 641 impiis
373 584 421 642 pert
413 587 551 639 timescenda,
573 587 611 627 sed
628 589 753 643 gravissime
769 589 791 628 in
807 602 841 629 eos
857 590 955 641 ingruet,
976 587 1011 639 qui
1026 587 1070 625 lar

66 679 157 720 ¹grssrme
168 664 254 705 effusam
263 665 304 706 Der
314 667 425 721 benigni
413 671 468 706 em
478 671 499 704 et
508 669 544 717 pa
546 672 587 705 ren
589 679 631 705 ram
642 666 725 721 experti
734 680 858 721 resipiscere
869 668 960 706 noluere
975 669 1003 713 (v.
1012 666 1033 705 4
1043 664 1069 715 5]

66 743 99 784 -Id
115 743 174 796 quod
188 744 402 799 Paulurne'mprt'mt‘s
417 743 440 783 in
455 741 549 783 Judaeos
566 744 647 784 dictum
662 745 717 785 velle
733 746 778 798 quis
794 745 889 786 tinniret?
905 746 941 793 (cf.
953 744 993 784 Mt
1003 743 1068 797 X,l5.

70 822 154 874 x1‚23.
170 822 217 863 Act.
226 821 264 873 ΙΙΙ,
276 820 323 870 26.)
345 822 403 871 Quos
412 834 439 860 nc
448 820 485 861 hic
495 821 580 874 quidem
588 824 674 862 nomine
685 823 806 877 compellat,
816 825 913 877 quonianr
922 823 966 877 ejus
977 825 1067 864 maxime

70 904 171 943 intererat
192 913 263 941 ornnes
283 899 350 939 nullo
363 898 483 940 discrimine
502 899 597 941 homines
617 902 646 941 ιιΙ
667 915 732 942 unum
747 901 815 941 Bemn
836 907 951 942 extremum
967 902 1067 956 judicem

70 993 195 1036 provocare,
211 979 269 1032 apud
285 992 347 1031 quem
362 979 430 1018 nullus
446 979 527 1018 futurus
542 979 568 1017 sit
579 992 735 1034 personarum
750 986 855 1031 respectus
871 979 960 1033 (eornm,
976 994 1027 1033 quae
1044 981 1067 1020 in

68 1059 129 1100 terris
145 1059 273 1099 extrinsecus
289 1057 398 1098 hominem
413 1058 476 1110 supra
490 1057 598 1097 hominem
613 1058 716 1110 evenant,
732 1059 774 1098 sive
789 1052 822 1104 τῆς
836 1057 923 1117 uagante]
939 1073 957 1097 v.
971 1058 1005 1098 tl.
1016 1061 1036 1108 a)

129 1157 130 1161 =
172 1137 241 1188 Quale
261 1150 311 1177 vero
333 1140 354 1175 et
374 1135 432 1189 cujus
453 1136 511 1188 quasi
530 1134 622 1175 sedentis
638 1135 720 1190 judicis
739 1136 781 1177 lroc
798 1136 904 1190 judicium
923 1137 1017 1190 futurum
1033 1136 1066 1187 sit,

69 1217 131 1257 Pauli
144 1216 190 1270 jam
206 1215 260 1255 nihil
276 1216 363 1255 interest
379 1228 490 1268 exponere.
520 1214 570 1256 Hoc
586 1215 643 1254 enim
658 1229 723 1255 unum
738 1216 794 1269 agit,
809 1222 833 1256 ιιι
844 1214 954 1268 judicium
971 1215 1066 1255 divinum

70 1295 182 1334 imminens
198 1308 211 1333 ι
227 1290 327 1346 corrupto
305 1292 450 1333 thominum
462 1290 548 1344 judicio
563 1306 649 1347 prorsus
666 1293 752 1333 differre
767 1294 790 1332 in
802 1307 870 1346 eoque
882 1294 952 1333 onmia
969 1298 1066 1333 exactum

70 1375 96 1413 iri
116 1373 144 1412 ad
160 1373 279 1412 veritatem
295 1384 365 1410 rerum
380 1371 501 1410 interiorem
520 1370 546 1410 ab
562 1372 608 1411 istis
628 1370 707 1424 injuste
728 1371 865 1412 adulteratam
881 1372 908 1426 (Ι,
924 1371 964 1425 18)
982 1371 1065 1411 doceat.

70 1435 100 1493 At
114 1465 172 1491 ennn
186 1450 210 1491 P
226 1463 269 1489 non
284 1450 383 1502 ignorare
399 1449 491 1490 lecturos
506 1450 573 1501 probe
586 1450 674 1490 sciebat
672 1480 677 1501 ,
659 1454 775 1503 tpatrem
790 1450 883 1491 filiosuo
898 1451 979 1491 homini
994 1450 1066 1489 horni-

69 1544 120 1573 num
132 1527 299 1583 judicandorum
314 1528 444 1581 provinciam
459 1527 576 1568 tradidisse.
607 1528 669 1570 Haec
686 1531 740 1570 enim
755 1532 872 1571 necessaria
887 1544 934 1583 pars
951 1534 981 1569 est
996 1528 1065 1584 regni

70 1607 187 1648 aOhristo
196 1606 243 1659 jam
259 1606 352 1659 suscepti
372 1610 393 1645 et
409 1606 436 1645 ad
452 1607 553 1647 illustrem
568 1606 631 1647 finem
649 1606 707 1661 [Act.
716 1608 754 1660 ΙΙΙ,
769 1608 805 1650 21.
825 1608 900 1649 lCor.
912 1607 962 1660 XV]
983 1606 1065 1661 perdu-

70 1685 134 1728 cendi
153 1686 254 1739 qtrasiquc
275 1685 437 1736 consummatio,
458 1688 481 1723 ut
500 1684 584 1724 demum
604 1699 651 1738 eos,
673 1688 711 1740 qui
731 1689 795 1741 ipsius
811 1688 887 1728 ditioni
907 1686 995 1730 obnoxii
1006 1691 1064 1738 sunt,

70 1778 142 1807 coram
159 1778 197 1805 suo
212 1764 313 1803 tribunali
334 1764 401 1814 sistat,
421 1775 461 1817 pro
481 1763 542 1803 factis
561 1759 684 1804 mercedem
703 1765 842 1819 repositurus
873 1757 889 1803 0‘
905 1759 968 1824 Κύριος
989 1763 1021 1818 (Ι,
1037 1762 1063 1816 4)

68 1845 183 1895 unicuique
199 1842 306 1896 evangelii
321 1841 429 1882 elementis
444 1841 526 1881 imbuto
541 1839 599 1883 idem
615 1841 689 1883 Judex
705 1844 829 1885 innotuerat.
862 1843 963 1898 [Judaeis
978 1842 1063 1895 pridem

89 2085 103 2124 ’)
119 2082 204 2123 Siquidem
214 2082 298 2124 proprium
309 2084 397 2123 injustitiae
407 2083 475 2115 tractum
485 2083 626 2119 demonstraverat
636 2096 673 2120 esse
683 2071 706 2122 re*
718 2076 813 2133 κατέχειν
823 2072 855 2128 'ttlt
865 2076 978 2134 ἀλήθειαν,
992 2096 1061 2127 eumque

149 2143 219 2174 inarime
229 2141 251 2172 ud
261 2150 309 2175 omne
317 2153 368 2183 genus
378 2149 488 2186 propagatam,
499 2145 537 2186 quid
547 2156 584 2178 etun
594 2157 651 2179 censes
661 2149 761 2181 existimasse
770 2148 790 2181 de
798 2149 864 2181 ludaeis
874 2154 913 2181 tunc
921 2149 997 2191 temporIs
1008 2147 1060 2189 primo

150 2210 206 2233 nerunt
215 2199 291 2231 Messinm
303 2202 346 2232 cruci
357 2202 470 2243 adigentibus,
482 2203 539 2235 deiude
550 2207 623 2238 veritatis
634 2212 684 2239 testes
694 2207 715 2239 ad
725 2208 852 2240 internecionem
860 2207 1002 2250 persequentibus,
1012 2214 1060 2245 prae·

150 2264 197 2292 terea
206 2258 311 2299 praeconium
322 2262 402 2301 euangelii
416 2263 440 2303 (ν.
449 2261 497 2302 Aeto)
512 2263 554 2304 apud
568 2269 625 2306 gentes
639 2264 766 2305 remorantibus,
783 2266 827 2307 (att
838 2267 894 2298 Thess.
906 2265 926 2306 ΙΙ,
939 2265 973 2305 ιι),
988 2263 1060 2303 denique

150 2328 204 2351 aeram
214 2321 230 2348 et
240 2325 296 2348 sanam
307 2316 327 2347 ale
339 2316 397 2349 Christi
407 2320 458 2360 gratia
468 2321 564 2361 doctrinam,
575 2323 604 2355 vel
615 2323 693 2364 agnitam,
703 2323 770 2365 jndaico
781 2335 837 2358 errore
848 2325 981 2367 adstringentibus
991 2322 1060 2363 ejusque

150 2378 250 2409 incremento
265 2374 335 2406 liberiori
349 2375 398 2407 ualde
411 2377 478 2410 infestis.
502 2380 549 2411 illam
563 2381 628 2421 quidem
638 2380 711 2413 ,tar-inan
724 2383 776 2424 ipsum
790 2385 896 2416 accusationis
911 2384 931 2424 (c.
939 2382 958 2422 l.)
971 2383 1061 2414 universae

150 2435 210 2477 delegit
217 2434 316 2469 iudaeorum
325 2444 378 2475 eausu,
385 2435 402 2481 in
411 2445 451 2476 qnos
460 2440 570 2471 cummaxime
578 2440 649 2472 caderet.
665 2440 720 2476 Quid?
731 2442 775 2484 quod
783 2446 856 2484 geratione
862 2443 933 2485 perditos
940 2452 994 2475 mores
1004 2443 1060 2474 adnm-

149 2492 199 2523 brare
214 2503 235 2525 no
245 2493 278 2525 loci
289 2491 353 2534 quidem
366 2492 413 2534 hujus
425 2499 467 2534 crat,
481 2496 512 2526 nisi
526 2497 604 2531 intererat
618 2509 637 2531 eo
651 2500 688 2541 ipso
702 2501 735 2533 tolo
750 2501 815 2542 gravius
829 2503 876 2534 ferire
889 2503 936 2534 istum
950 2503 1012 2536 scilicet
1025 2503 1059 2536 Dei

149 2550 232 2593 populum.
251 2554 292 2585 Ilias
303 2553 386 2586 enimvero
397 2553 454 2587 aneo
464 2554 560 2596 pietatisque
571 2557 625 2590 studio
636 2568 705 2591 auersas
716 2569 757 2600 esse,
768 2562 822 2601 ecquis
833 2561 925 2595 tritantur!
