2250 2884
482 65 650 106 „11-

65 191 89 232 iu
103 188 208 245 populum
224 188 265 229 Dei
286 187 381 241 receptio
397 187 504 240 descripta
520 189 587 226 exstat
602 187 623 225 in
639 186 677 227 illo
693 184 721 225 ad
737 184 843 240 Ephesios
862 184 912 225 loco
928 181 1015 235 11,=19.
1030 180 1067 223 20.

66 261 111 331 deu
130 256 160 311 uir
179 264 243 311 atain
265 261 312 310 ἐστὲ
332 261 381 325 ξένοι
401 261 434 319 aab
454 262 554 325 adparari,
579 257 639 306 tant
659 261 796 323 capriata
815 259 853 306 'coir
868 256 932 318 olylor
952 255 987 314 aq)
1004 252 1067 302 sinder

65 344 101 392 τοῦ
115 345 175 403 ieet,
191 340 389 403 e'uosuudepnde'rrss
405 341 438 388 ἐπὶ
454 340 481 400 τῷ
496 341 587 403 θεμελίῳ
602 338 638 386 τῶν
653 339 771 387 disertior
787 361 819 397 uqi
835 342 938 404 προφητῶν
955 344 1066 398 (nimirum

64 428 205 485 priscorum),
222 442 240 468 u.
250 440 268 469 τ.
279 432 301 469 λ.
317 441 336 467 ν,
347 426 387 468 22:
404 418 429 472 sle
445 419 588 484 κατοικητήριον
603 422 636 467 τοῦ
646 420 696 468 &aad
712 425 768 480 (vice
784 425 918 467 sacratissimi
934 424 987 463 illius
1002 423 1065 463 unius

65 508 141 564 adyti]
164 497 186 548 ἔν
201 500 334 563 ureu'posrr.
376 506 401 546 In
416 507 475 548 hunc
492 507 604 547 oleastrum
620 520 690 548 sacrae
706 506 773 546 radici
788 506 886 555 insitum,
907 502 943 555 qui
958 513 1066 541 ramorum

64 589 164 642 pristinae
174 587 268 628 culturae
278 587 423 628 detractorum
431 588 502 628 locum
512 591 584 626 teneat
594 585 641 641 (XI,
651 586 699 640 17),
711 586 773 625 animi
785 585 858 625 oculos
871 583 971 623 contiuuo
983 580 1065 619 defixos

63 665 136 707 habet.
168 665 238 720 Atque
254 666 308 707 adeo
320 666 427 717 Judaeos,
443 668 543 706 nimirum
559 679 618 717 suos,
635 668 756 718 alloquens,
771 669 846 720 utpote
862 664 899 717 qui
914 660 1005 703 vinculis
1019 672 1066 699 um-

63 745 146 785 bratilis
162 745 218 800 legis
238 745 337 799 impediti
357 746 426 798 magis
442 745 536 786 minusve
555 745 678 798 haererent,
699 744 727 784 ad
746 744 853 799 gentilem
874 742 934 782 illam
953 739 1007 780 fidei
1028 751 1064 780 suo

63 825 142 865 robore
160 825 252 879 rigentis
273 825 383 864 sanitatem
403 825 484 877 ubique
504 828 596 864 mentem
617 830 638 865 et
658 826 774 865 orationem
794 821 894 876 flacitei]
926 821 1064 872 Quanquam,

62 903 121 957 quod
137 903 164 943 de
180 917 259 957 genere
277 903 341 955 dicit,
363 917 406 944 non
422 905 524 944 continuo
541 904 567 945 de
584 906 682 945 omnibus
698 908 719 944 et
734 904 822 957 singulis
841 899 1005 954 intelligendum
1023 897 1064 946 ait;

62 995 100 1022 suo
116 983 172 1021 enim
186 982 251 1035 ipsius
263 983 360 1037 exemplo
376 996 416 1024 nec
431 996 474 1023 non
486 984 620 1036 complurum
636 984 724 1025 aliorum
740 995 853 1037 apparere,
868 981 975 1020 universae
992 978 1063 1032 gentis

62 1054 145 1117 heluco
151 1060 260 1113 quoddam
265 1062 341 1102 servari
354 1059 438 1115 (X1‚5;
456 1061 512 1101 adde
523 1062 572 1116 XII,
583 1062 690 1117 23-fin.)
714 1062 747 1104 Eo
758 1063 826 1119 magis
836 1062 874 1101 sub
885 1060 949 1100 finem
961 1057 1063 1110 epistolae

62 1146 162 1195 utrosque
185 1141 294 1193 hortatur,
315 1146 350 1194 nt,
376 1143 419 1182 sive
439 1141 518 1183 Judaei
538 1156 617 1198 genere
638 1145 681 1184 sive
701 1143 728 1182 de
748 1143 848 1198 gentibus
871 1141 924 1192 sint,
946 1139 990 1178 sive
1008 1136 1063 1188 legis

63 1222 197 1275 disciplinam
218 1222 341 1273 arctiorem,
363 1223 405 1262 sire
421 1223 564 1263 liberaliorem
580 1223 635 1262 vitae
656 1222 736 1263 cultum
757 1225 882 1275 sequantur,
904 1219 948 1259 sive
970 1216 1063 1268 denique

64 1301 183 1342 confirmati
193 1299 239 1353 jam
250 1301 302 1352 fide,
318 1301 361 1342 sive
376 1302 528 1342 imbecilliores
542 1301 680 1355 rudioresque
697 1302 744 1352 siut,
761 1314 832 1340 onmes
847 1297 965 1339 secundum
978 1296 1063 1349 regium

63 1380 119 1422 illud
131 1381 208 1421 amoris
225 1379 348 1420 mandatum
363 1394 407 1420 sese
424 1380 516 1421 invicem
533 1381 687 1434 amplectantur
703 1385 723 1420 et
737 1380 832 1420 modeste
848 1379 965 1428 sublevent,
981 1375 1062 1428 quippe

62 1461 99 1514 qui
113 1474 153 1515 per
165 1460 256 1500 eundem
268 1459 376 1500 Christum
391 1460 453 1500 unius
469 1461 564 1514 eorporis
574 1462 668 1501 membra
677 1460 729 1500 facti
744 1460 796 1509 sint3
810 1464 855 1499 turn
866 1457 894 1498 ad
904 1457 962 1497 idem
973 1454 1061 1495 omnino

62 1554 143 1592 nrunus,
160 1544 180 1579 et
196 1539 321 1580 celebrandi
336 1553 378 1580 uno
395 1540 469 1593 spiritu
484 1539 564 1591 Deum,
577 1545 601 1582 et
616 1541 695 1580 animos
711 1540 850 1591 emendandi,
866 1543 887 1578 et
903 1550 952 1578 eum
965 1535 1062 1575 hostibus

63 1620 155 1661 veritatis
172 1625 192 1659 et
207 1620 366 1673 magistratibus
383 1620 438 1659 bene
455 1616 541 1673 agendi,
557 1622 655 1671 utrosque
672 1633 714 1659 esse
729 1624 820 1659 vocatos.
853 1617 912 1673 (XII,
927 1615 988 1666 XIII,
1004 1612 1061 1664 XIV,

62 1700 152 1740 maxime
162 1697 260 1750 17-2e,
276 1698 323 1749 XV,
337 1698 419 1750 1-13,
436 1699 474 1739 cfr.
486 1698 572 1737 omuino
587 1711 618 1737 vv.
628 1696 696 1749 5-9,
713 1698 862 1751 compendium
876 1697 942 1737 totius
958 1694 1062 1749 epistolae

61 1776 174 1832 pressum).
204 1776 316 1816 Postremo
332 1776 355 1815 in
370 1777 416 1830 ipsa
431 1777 533 1830 epistolae
550 1777 641 1817 clausula
655 1780 735 1832 pariter
750 1783 774 1818 ut
789 1779 850 1818 initio
867 1776 895 1831 (l,
911 1775 936 1830 5)
953 1789 975 1816 se
990 1776 1061 1828 ipsum

61 1856 163 1896 Romanis
184 1854 286 1906 exhibet,
312 1854 397 1907 qualem
417 1854 475 1895 Deus
496 1856 566 1908 ipsum
588 1857 720 1897 constituerit
740 1859 834 1897 omniurn
852 1855 941 1911 perinde
963 1854 1060 1908 gentium

82 2054 98 2094 *J
112 2052 181 2095 Paulum
191 2051 208 2082 in
218 2051 250 2083 hac
260 2051 330 2092 epistola
341 2060 377 2083 erim
386 2049 479 2083 hominibus
489 2052 573 2094 utriusque
580 2053 633 2095 stirpis
643 2054 709 2086 nonnisi
719 2053 751 2085 iilis
759 2063 815 2095 agere,
827 2053 854 2094 qni
865 2052 886 2083 ad
897 2061 954 2085 veram
963 2050 1059 2091 religionem

140 2108 175 2151 jam
185 2110 301 2150 accessissent,
317 2119 367 2152 supro
377 2109 490 2142 indicavimus
512 2110 542 2143 Cui
552 2113 577 2144 rei
590 2114 654 2144 minime
668 2113 685 2144 id
696 2113 760 2153 quidem
770 2122 843 2154 pugnare
857 2112 872 2143 h.
880 2110 890 2143 l,
902 2110 1002 2149 monuerim,
1017 2107 1059 2150 queri

141 2179 188 2211 capp,
198 2167 227 2209 lx,
238 2168 254 2200 X
266 2174 282 2201 et
292 2169 316 2201 XI
331 2179 352 2201 eu
364 2170 438 2202 instituto
450 2169 470 2201 de
482 2169 549 2201 liniaeis
563 2170 649 2213 evangelio
663 2170 773 2203 diffidentibus
785 2170 862 2211 loquitur.
887 2170 925 2202 Ilec
941 2170 983 2201 eninr
998 2169 1057 2199 iccirco

140 2231 167 2271 tit,
181 2228 226 2272 quod
237 2220 252 2262 el
264 2219 289 2262 ἔκ
300 2219 413 2282 περιτομῆς,
427 2240 463 2262 cum
475 2230 533 2271 quibus
543 2240 577 2263 reru
587 2231 642 2271 habet,
653 2232 785 2274 praerogativam
796 2231 847 2263 divini
858 2230 920 2263 laveris
931 2235 947 2262 et
959 2238 1025 2271 operum
1037 2228 1058 2260 rie

140 2292 177 2333 lege
188 2289 346 2322 commendationem
357 2299 391 2321 nen
402 2291 433 2322 sibi
443 2290 521 2331 seorsim,
536 2291 566 2323 sed
577 2294 654 2325 universo
666 2293 688 2324 iiii
699 2293 761 2335 populo
772 2293 806 2325 Dei
817 2294 864 2325 ctiam
875 2298 908 2325 tum
920 2292 965 2334 quasi
976 2290 1058 2321 adnexam

139 2348 229 2392 Jaetabant.
251 2347 295 2384 Quid
303 2348 351 2389 igitur
360 2349 411 2390 magis
419 2360 440 2382 ex
447 2360 466 2382 re
476 2353 519 2389 erat,
531 2359 578 2391 quam
589 2350 633 2383 nihili
644 2360 680 2383 esse
691 2351 733 2384 harre
743 2362 779 2383 cum
787 2354 870 2394 gentilicia
880 2353 946 2384 nomine
957 2354 973 2382 et
983 2350 1057 2381 instituto

142 2408 281 2442 communionem:
296 2407 343 2438 istam
358 2407 401 2438 enim
415 2412 479 2448 gentem
491 2414 559 2449 propter
573 2410 623 2442 seiam
635 2407 741 2441 ‹liltideutiam
752 2410 828 2443 excidere
837 2421 888 2452 regno
900 2411 972 2441 coelesti.
985 2428 1006 2434 -
1022 2410 1059 2443 llus

139 2466 180 2498 iilud
194 2476 259 2507 quoque
273 2466 320 2506 lacit,
336 2465 381 2507 qued
393 2465 423 2497 sub
437 2466 485 2498 tinem
500 2478 525 2509 ep.
537 2468 556 2500 Ρ.
571 2469 677 2510 legitimarum
692 2470 826 2503 consuetudinum
840 2480 885 2503 usum
899 2470 943 2510 apuu
956 2470 995 2503 illos
1010 2474 1057 2504 etiam

140 2525 223 2557 residuum
234 2531 290 2568 aperte
300 2525 397 2558 infirmitatis
407 2526 474 2557 nomine
484 2531 539 2567 notat,
550 2528 626 2570 adeoque
636 2538 694 2560 onmes
704 2530 772 2571 pristino
783 2529 873 2562 discrimine
883 2527 949 2560 sublato
960 2529 977 2562 in
988 2531 1056 2563 eandem

139 2580 232 2615 libertatem
242 2585 328 2618 vindicare
338 2586 401 2628 satagit.
428 2585 454 2619 En
464 2586 534 2628 vestigia
544 2586 585 2628 legis
595 2596 628 2620 uon
638 2593 717 2630 repente,
728 2588 757 2621 sed
768 2589 827 2622 leniter
836 2588 947 2630 abrogandae.
