2250 2884
469 7 650 79 ...16⁸-

61 167 85 203 ut
100 151 125 202 ἐκ
140 152 224 211 aleuas
238 158 266 198 ad
280 156 369 198 verbum
383 158 492 206 referatur.
526 157 576 199 Hoc
592 164 660 200 autem
676 158 746 212 ipsum
761 159 855 200 futurum
870 161 970 213 verbum,
991 161 1060 213 inquit

61 239 172 289 Calvinus,
197 236 311 290 adesignat
326 234 372 290 ejus
386 237 452 287 vitae,
473 235 501 276 de
517 251 558 291 qua
572 237 676 292 loquitur,
696 237 788 278 solidam
803 240 978 293 perpetuitatem:
1003 240 1060 281 acsi

62 320 154 370 dixisset,
168 329 211 357 nou
222 316 269 356 iore
280 321 454 367 momentaneam,
465 315 504 356 sed
513 323 618 372 perpetuo
630 323 783 359 constaturama
798 320 825 360 cf.
835 318 903 361 Hebr.
913 318 961 360 X‘f.
988 320 1061 361 Luca

61 402 128 441 lenter
147 397 216 451 igitur
234 397 289 437 inter
304 407 329 439 {se
344 397 463 437 referuntur
478 395 517 436 illa
533 387 558 437 ἐκ
572 409 593 438 a.
608 393 633 443 εἰς
648 408 670 439 a.
686 402 717 448 et,
743 411 798 450 quae
818 399 870 453 ipsis
885 399 976 439 maxime
991 399 1061 440 lucem

62 477 181 529 effundant,
193 476 315 531 prophetae
326 477 399 516 verba.
414 497 444 507 -
458 474 504 515 Sed
520 476 575 516 euim
589 476 631 529 ipsi
645 475 695 516 voci
706 469 790 532 ζήσεται
807 490 907 531 magnam
921 478 964 518 vim
979 477 1006 517 ab
1019 477 1060 530 Ap.

61 557 129 598 tribui
148 559 240 606 constat,
261 553 358 608 adeoque
379 556 416 595 illa
430 551 526 615 comples
541 552 623 608 grande
638 566 715 593 nomen
729 543 812 608 augeri.
853 556 887 596 Ex
902 562 984 598 'sacrato
1005 556 1061 596 enini

62 635 216 691 prophetarum
232 646 338 685 sermone,
361 647 424 687 quern
440 634 518 676 Paulus
535 633 593 688 quasi
608 633 731 685 imbiberat,
751 625 765 682 a*
782 622 826 690 (aul
840 648 924 675 omnem
939 636 1062 676 beatitatem

63 729 137 756 veram
147 720 168 755 et
178 714 291 755 coelestem
303 713 462 767 complectitur,
477 727 520 768 quo
537 713 559 753 in
572 716 627 752 statu
636 724 685 752 vere
697 712 798 752 constitui
813 719 844 753 est
857 708 981 770 σώζεσθαι,
997 711 1061 768 quod,

64 797 143 850 pariter
159 800 182 834 ut
197 791 253 832 illud
268 783 314 849 ζῇν,
336 793 424 846 proprie
440 805 465 832 ac
480 792 544 845 plene
561 790 588 831 de
603 792 674 834 futura
688 791 781 833 filiorum
797 791 838 832 Dei
853 793 897 833 vita
911 794 1009 846 ponitur,
1031 792 1062 833 sio

60 883 131 919 tamen
151 876 175 913 ut
192 871 297 925 primitias
318 872 382 925 regni
402 865 499 925 vitaeque
521 869 620 911 coelestis
637 869 747 910 interiores
772 875 793 910 et
815 872 924 912 citeriores
949 872 1062 911 contineat.

63 954 99 995 Ad
111 964 174 1007 quam
185 950 273 990 salutem
287 963 326 1003 per
335 949 437 990 Messiam
453 948 514 987 nohis
530 946 670 990 adferendam
685 939 798 1007 daasnpla'
811 964 826 991 s.
835 949 935 990 liberatio
949 961 1063 1004 nunquam

64 1030 198 1087 aprophetis
213 1029 313 1079 refertur,
331 1029 381 1082 quin
396 1025 504 1067 tollendae
520 1023 643 1078 injustitiae
659 1025 691 1074 (ir.
706 1040 723 1066 e.
737 1029 805 1069 nostri
821 1028 891 1070 aDeo
907 1027 1002 1077 discidii)
1017 1027 1063 1081 pri-

64 1112 131 1154 maria
146 1109 205 1149 notio
221 1107 293 1148 subsit.
324 1106 424 1147 Omnium
440 1111 510 1145 autem
524 1104 637 1156 malorum,
653 1118 793 1158 quaecunque
808 1107 831 1146 in
847 1107 921 1147 orbem
930 1106 1062 1160 ingruerunt,

65 1191 127 1232 istam
142 1187 208 1227 solam
227 1184 323 1225 radicem
342 1184 565 1238 esse'intelligebant3
589 1196 630 1237 qua
649 1183 706 1237 prius
727 1184 799 1224 evulsa
818 1184 904 1226 demum
924 1186 1062 1239 sempiternae

64 1267 173 1310 beatitatis
182 1266 260 1305 fruetus
271 1263 350 1304 enitere
363 1263 460 1316 adeoque
470 1263 515 1303 veri
525 1262 622 1304 Israelis
632 1261 713 1309 [throni
723 1262 824 1306 Davidici
834 1278 854 1304 v.
863 1264 934 1305 Zionis
945 1264 984 1306 les.
994 1264 1032 1317 IX,
1041 1265 1062 1305 7.

65 1345 145 1387 Matth.
155 1343 172 1395 1,
188 1342 223 1383 32.
233 1342 273 1391 33]
288 1342 326 1382 lux
342 1342 440 1383 eoelestis
452 1348 473 1381 et
486 1340 569 1381 claritas
578 1345 648 1393 posset
658 1340 715 1379 oriri.
742 1340 796 1381 Inde
808 1343 915 1395 Jehovah,
930 1343 1063 1397 quiquidem

65 1427 110 1480 ipse
125 1421 200 1478 populi
216 1422 248 1461 sui
265 1421 295 1460 ab>
309 1421 405 1461 omnibus
417 1419 521 1475 peccatis
537 1416 649 1459 Servatur
663 1419 747 1459 futurus
763 1420 799 1472 sit,
814 1421 859 1468 [Ps.
869 1420 954 1472 CXXX,
970 1420 991 1461 8.
1023 1421 1062 1462 Ios.

66 1502 123 1555 LIX,
139 1501 179 1551 20)
199 1499 324 1554 praecipue·
336 1498 434 1540 Sanctus
455 1496 553 1538 Israelis
573 1494 661 1546 dieitur,
683 1495 783 1549 idemque
802 1499 893 1538 universi
902 1501 991 1553 “generis
1006 1499 1064 1541 Deus

67 1579 184 1633 (leam,
199 1578 239 1639 5).v
264 1576 318 1617 Inde
334 1576 430 1618 Christus
445 1575 492 1615 talis
508 1574 604 1628 gentium
619 1563 742 1634 ἁρχιποιμῆν
757 1577 905 1630 portenditur,
925 1579 961 1632 qui
980 1578 1028 1633 ujus
1045 1586 1065 1619 et

62 1659 177 1714 jastitr'am
192 1656 287 1697 interris
303 1661 399 1697 exerceat
414 1654 443 1695 ad
459 1652 582 1694 salvandum
601 1652 700 1693 lsraelem
718 1644 831 1701 [nimirum
847 1657 886 1696 cfr.
900 1655 943 1696 loa.
956 1656 983 1707 X,
999 1656 1028 1696 16
1044 1663 1065 1698 et

68 1737 181 1788 Rom-JK,¹
193 1735 224 1776 24
235 1739 301 1789 sqq.];
317 1739 379 1788 atque
391 1734 435 1773 lroe
447 1745 525 1772 nomen
537 1736 573 1783 est,
589 1745 630 1784 quo
640 1732 747 1772 vocabunt
760 1746 817 1773 eum:
834 1747 846 1773 o
859 1733 966 1785 Jehovah,
975 1732 1065 1786 justitia

69 1822 174 1860 nostras
196 1814 246 1862 [ler.
255 1811 335 1864 XXIII,
351 1810 417 1852 3-6,
431 1811 459 1851 cf.
469 1808 585 1860 IessXLll,
599 1808 664 1849 1—7.
678 1809 717 1849 Ies.
727 1809 786 1861 LIII,
802 1810 848 1860 12).
882 1812 951 1864 Atque
967 1812 1022 1852 illud
1036 1819 1067 1853 est

69 1895 160 1937 universi
176 1893 203 1934 de
214 1892 300 1933 Christo
309 1891 404 1931 vaticinii
415 1894 484 1943 caput.
503 1888 639 1940 ‘rrRespicite
654 1887 682 1927 ad
697 1900 731 1926 me
747 1892 768 1926 et
783 1888 905 1929 servemini
919 1902 994 1932 omnes
1002 1889 1066 1943 fiaes

70 1979 155 2015 terrae.
184 1970 227 2011 Per
242 1983 276 2009 me
289 1967 367 2022 juravi,
382 1957 435 2009 mihi
445 1968 575 2008 incurvatum
590 1965 617 2005 iri
632 1978 693 2005 omne
705 1978 762 2018 genu
778 1964 843 2012 (Phil.
854 1965 882 2017 ΙΙ,
898 1966 993 2017 10.11];
1005 1968 1065 2022 jura-

70 2056 139 2091 turam
155 2061 237 2088 omnem
250 2047 359 2101 linguam:
376 2046 537 2089 Tantummodo
553 2046 575 2086 ia
584 2042 687 2085 Jehovat
698 2045 769 2084 amnis
777 2041 869 2096 justitia
879 2050 899 2085 et
912 2047 978 2086 robur
988 2049 1064 2087 ests-

70 2130 97 2170 In
112 2126 213 2168 Jehovah
225 2122 413 2177 justificabantur
428 2130 449 2165 et
469 2124 618 2178 gloriabuntur
631 2126 699 2161 totum
715 2135 786 2161 semen
799 2122 917 2165 Israelisr.
936 2124 985 2172 (les.
998 2125 1064 2177 XLV,

71 2209 100 2250 23
117 2204 173 2260 sqq.)
210 2205 281 2254 Quare
290 2204 375 2256 vquoties
391 2203 472 2244 salutis
488 2196 615 2262 (saraptae),
633 2200 694 2240 toties
710 2199 755 2239 fere
767 2197 871 2252 justitiae
887 2196 1026 2254 (deessemus)
1041 2205 1065 2247 fis

71 2285 195 2342 promissio,
210 2295 250 2323 nee
265 2282 333 2323 minus
348 2281 394 2335 ipsa
406 2281 487 2335 justitia
503 2295 564 2334 quam
580 2281 644 2331 salus,
660 2278 721 2333 eujus
732 2278 769 2319 ille
779 2282 835 2322 velut
845 2283 930 2337 spiritus
941 2287 979 2333 est,
995 2283 1067 2337 basiate

73 2367 118 2408 Dei
127 2378 171 2405 esse
181 2360 333 2417 praedicatur(
348 2360 391 2408 [Ps.
400 2359 478 2411 XXIV,
487 2359 508 2400 5.
517 2359 616 2411 XCVIII,
626 2358 647 2399 2.
672 2360 708 2398 les.
718 2356 775 2410 LXI,
786 2357 821 2399 10.
832 2359 868 2412 ll,
883 2358 974 2412 XXXII,
984 2359 1019 2403 15.
1029 2361 1064 2405 17,
1082 2411 1085 2419 Ι

73 2444 111 2495 LI,
121 2442 212 2491 l-ll).
237 2438 310 2491 Quid?
322 2440 364 2493 ipsi
374 2438 491 2492 prophetae
498 2436 611 2492 justitiam
622 2438 738 2489 hammam,
749 2451 812 2491 quam
823 2437 908 2490 quidem
919 2441 976 2479 suam
986 2442 1064 2496 dicant,

74 2535 146 2566 coram
161 2520 207 2560 Deo
221 2518 302 2560 nullam
319 2531 361 2558 esse
377 2515 426 2565 [les.
437 2516 514 2569 LXIV,
530 2513 552 2557 6ss
575 2517 628 2557 Dan.
642 2516 678 2568 IX,
694 2515 738 2564 18]
760 2522 886 2569 asseverant,
909 2519 962 2561 adeo
978 2527 1001 2562 ut
1017 2536 1066 2565 vora
