2250 2884
478 72 644 115 ..27-

65 199 133 254 igitur
148 211 197 252 ego,
213 199 283 252 inquit
297 196 383 247 Paulus,
398 199 470 236 mente
486 195 573 249 quidem
589 191 643 235 intus
660 192 727 234 servio
740 191 787 245 'legi
801 190 853 241 Dei,
869 200 941 229 carne
956 199 1006 228 vero
1023 186 1056 240 (in

66 282 155 318 mortem
169 291 235 331 usque
250 272 369 326 tradenda)
386 273 430 326 legi
445 274 529 326 peccati
546 273 597 329 (VI,
613 272 648 315 11.
664 273 699 313 14.
714 270 750 312 22.
773 270 819 322 VH,
834 267 885 319 25).
901 289 932 299 ·-

121 364 122 368 ’
165 355 264 408 Denique
280 353 346 392 habes
365 352 435 392 locum
451 350 615 391 luculentissime
631 352 757 406 explicatum
772 349 844 390 Nostri
865 349 929 401 ipsius
944 345 1014 388 verbis
1029 343 1058 384 ad

60 432 142 478 ishess.
153 435 218 474 altera
228 446 268 485 ep.¹
278 430 305 482 (I,
314 428 335 469 7.
344 435 386 481 ss),
402 442 462 482 super
475 429 543 484 ujusto
551 429 634 485 justitio
643 431 697 472 Dein
712 429 742 484 (v,
750 427 771 469 5.
783 428 814 482 6.)
826 426 950 474 scribentis3
969 423 1056 475 uVobis,

66 513 102 565 qui
117 526 174 553 nnnc
190 509 322 563 affligimini,
346 508 436 562 quietem
451 520 476 548 ac
491 521 566 562 pacem
585 511 661 553 reddet
681 513 704 552 in
719 510 845 550 revelatione
859 506 947 547 Domini
962 504 1013 545 Jesn
1029 504 1057 544 de

67 592 139 644 coelo,
161 592 198 645 qui
219 589 334 631 inflicturus
356 594 386 629 est
405 588 507 628 ultionem
528 590 565 641 iis,
586 591 622 643 qui
642 589 791 644 (pertinaciter
806 588 886 641 quippe
901 584 983 639 rejecto
999 583 1058 623 testi-

66 670 138 710 monio
153 669 261 718 veritatis)
281 668 350 708 Deum
364 667 461 707 nesciunt
477 667 712 721 (Eph.1v,18.19),
731 680 798 720 neque
813 665 931 706 auscultant
946 662 1057 717 evangelio

67 747 94 787 D.
109 748 135 788 N.
150 747 171 788 J.
188 748 238 788 Chr.
243 777 250 800 ,
266 760 330 801 quum
345 747 435 797 venerit,
451 750 475 785 ut
490 747 621 801 glorificetur
636 748 659 786 in
675 746 749 787 sanctis
766 746 814 786 suis:
831 750 852 784 et
868 740 1005 783 admirandus
1020 739 1058 779 fiat

66 825 89 864 in
100 824 242 866 credentibus
252 812 357 875 omnibus,
373 824 466 878 [quippe
479 824 537 878 quod
546 822 611 877 fides
623 823 696 864 habita
706 824 769 864 fuerit
781 822 903 864 testimonio
915 825 987 861 nostro
1001 819 1058 872 apud

66 915 102 943 vos
118 903 204 956 audito]
220 905 243 943 in
255 902 290 942 die
303 903 347 943 illo.
362 925 393 933 ·-
407 902 436 943 At
451 903 468 942 si
480 907 549 943 tamen
562 903 656 954 dubites,
672 917 713 956 qno
726 902 754 942 ad
762 903 868 942 Romanos
884 900 978 941 scribens
994 898 1057 938 unice

65 981 90 1020 P.
105 981 216 1033 respiciat,
233 981 283 1020 audi
297 994 348 1020 eum
363 981 401 1020 sub
417 980 481 1020 finem
497 981 555 1033 epist.
572 980 648 1021 eodem
664 980 824 1033 coneilio,.quo
839 990 897 1020 nunc
912 980 991 1031 ipsum,
1006 990 1058 1030 pro-

66 1059 210 1100 nunciantem:
233 1073 242 1100 n
251 1059 287 1100 Tu
302 1073 352 1100 vero
368 1061 406 1101 cur
422 1058 550 1101 condemnas
566 1058 666 1099 fratrem?
688 1063 739 1099 caet.
770 1057 848 1099 Omnes
865 1058 922 1098 enim
940 1070 978 1096 nos
998 1056 1057 1095 siste-

32 1134 34 1136 ’
52 1150 113 1177 'mur
133 1138 196 1192 apud
215 1137 316 1179 tribunal
330 1137 419 1179 Christi.
464 1136 611 1192 Unusquisque
626 1139 682 1179 enim
697 1144 795 1180 nostrum
811 1137 838 1178 de
853 1151 876 1178 se
891 1138 939 1190 ipso
955 1134 1058 1175 rationem

67 1214 144 1256 reddet
159 1215 232 1256 Deera
252 1215 321 1269 (XIV,
337 1214 382 1266 12.)

167 1276 197 1332 ῙῙ.ι
208 1293 237 1333 ll
254 1306 338 1333 causam
352 1293 438 1334 conficit
454 1306 513 1334 sacro
531 1294 650 1348 proverbio.
686 1294 756 1349 Negat
774 1295 829 1334 enim
843 1293 913 1334 Deum
931 1306 974 1334 esse
990 1303 1058 1351 apten-

70 1366 175 1421 πολῆπτην.
207 1372 273 1425 Atqui
282 1385 414 1427 personam,
431 1385 484 1425 quae
500 1372 587 1426 quidem
597 1373 702 1414 veteribus
717 1373 837 1426 dicebatur,
853 1373 978 1427 quantique
990 1371 1058 1412 minus

69 1451 155 1504 respicit
169 1449 238 1502 Deus,
259 1463 284 1490 eo
300 1450 368 1491 acrius
385 1450 511 1504 graviusque
526 1451 613 1504 inquirit
627 1451 649 1491 in
665 1451 731 1491 corda
745 1451 867 1504 hominum,
887 1450 909 1492 h.
926 1465 953 1492 e:
973 1447 1001 1491 riv
1017 1441 1059 1491 ἔσω

70 1517 173 1588 ἄνθρωπον
187 1542 202 1568 s.
215 1526 243 1568 uir
258 1520 298 1569 roda
314 1532 342 1576 [c.
355 1527 407 1577 VII]
423 1541 463 1582 pro
477 1534 549 1570 sancta
561 1542 599 1570 sua
607 1528 690 1583 justitia
703 1536 789 1584 prorsus
799 1531 894 1585 postulat
904 1543 961 1572 suae
971 1543 1059 1584 respon-

71 1608 130 1647 dere>
141 1607 194 1663 legi.
229 1605 304 1660 Neque
320 1620 345 1646 ea
359 1606 413 1660 legis
430 1607 542 1648 auctoritas
557 1607 636 1649 latebat
652 1607 751 1649 Judaeos.
777 1610 853 1651 ⁴Immo
869 1608 1012 1663 invigilabant
1026 1608 1060 1648 vel

71 1687 126 1740 apici
141 1686 203 1740 legis.
236 1685 296 1735 Quid
307 1685 377 1726 enim?
395 1690 416 1725 ut
430 1687 521 1740 profana
535 1699 588 1726 voce
603 1687 626 1726 in
635 1700 659 1727 re
670 1700 719 1727 sane
731 1688 819 1741 profana
827 1693 881 1740 utar,
896 1688 955 1742 quasi
965 1684 1060 1741 palladio

70 1765 216 1820 gloriabantur
228 1762 300 1803 divina
309 1763 366 1818 lege,
382 1764 472 1818 defungi
484 1778 507 1805 se
517 1760 803 1822 adeoqueudonoiececdum
818 1768 866 1819 rati,
879 1766 930 1807 dum
942 1779 988 1806 eam
998 1764 1060 1805 iden-

70 1842 115 1883 tide
127 1841 253 1892 maudirent,
267 1842 386 1894 recitarent,
401 1843 465 1897 quid?
482 1844 609 1898 compendio
619 1845 701 1886 scilicet
712 1847 817 1898 reisacto,
832 1847 855 1887 in
864 1846 934 1886 fronte
944 1842 1060 1886 brachiove

71 1925 179 1976 gererent,
196 1921 276 1961 cultum
291 1922 346 1975 legis
362 1922 384 1962 in
398 1923 540 1964 minutissimis
554 1924 615 1964 rebus
629 1938 680 1978 prae
696 1939 717 1966 se
732 1927 817 1967 ferrent.
843 1926 952 1966 Nimirum
960 1923 1004 1974 hcc
1016 1926 1060 1963 erat

72 2000 143 2051 legem
159 1996 235 2037 colere.
268 1998 326 2048 Quid
335 1999 423 2040 Noster?
454 2000 517 2043 Hanc
532 2003 600 2056 ipsam
614 2006 764 2057 possessionem
779 2006 843 2060 legis,
859 2018 913 2058 quae
927 2007 978 2044 natu
993 2001 1060 2043 conti-

72 2077 147 2131 gisset,
169 2088 294 2129 omnemque
315 2085 469 2119 sacrosanctum
486 2085 581 2121 ornatum
597 2082 688 2136 legitimi
703 2084 786 2124 habitus
801 2083 857 2123 nihil
872 2083 914 2123 nisi
933 2076 1060 2142 πρόςωπον

72 2167 114 2195 esse
128 2152 241 2205 larvaeque
254 2154 318 2195 instar
330 2156 435 2210 perhibet.
466 2156 516 2198 Hoc
529 2159 614 2212 quidem
627 2163 665 2203 illo
681 2153 722 2222 yolp
733 2164 851 2206 continetur
865 2178 885 2204 v.
895 2162 932 2215 12,
948 2176 1001 2217 quae
1011 2174 1060 2215 par-

71 2232 137 2274 ticula
152 2230 201 2270 sutis
217 2230 317 2283 loquitur,
333 2235 369 2286 qui
381 2248 451 2275 versus
461 2234 507 2289 jam
516 2246 633 2292 sequantur,
649 2255 683 2282 eos
696 2240 770 2283 eodem
779 2241 910 2294 referendos,
925 2244 963 2283 sub
974 2240 1061 2281 eodem-

73 2325 114 2364 que
134 2309 229 2351 contuitu
250 2310 362 2362 ponendos
378 2326 430 2366 esse,
451 2327 493 2367 quo
513 2319 635 2370 superiores.
647 2342 678 2350 —
699 2319 733 2360 Eo
748 2321 833 2362 brevius
854 2322 930 2363 licebit
949 2333 1061 2374 exponere,

73 2388 124 2442 quid
139 2388 201 2427 nobis
218 2386 246 2426 de
260 2386 303 2428 hoc
318 2388 367 2429 loco
384 2393 515 2444 exploratum
530 2395 561 2436 sit.

133 2478 134 2482 ’
174 2455 523 2522 Kt⁰t⁴⁰t<1¹2luslsstllllclterfldici,
542 2473 649 2528 videntur,
671 2478 707 2530 qui
722 2479 862 2529 abdudaeis
882 2478 946 2519 modo
969 2478 1061 2520 distincti

74 2552 126 2599 srmt,
140 2531 232 2596 ἕλληνες,
249 2546 292 2587 sive
308 2546 322 2587 ii
339 2561 417 2601 omnes,
433 2549 467 2603 qui
480 2549 570 2605 jurlaico
587 2555 642 2609 legis
658 2556 751 2597 instituto
767 2571 810 2598 non
826 2560 977 2611 obsequuntur.
1008 2560 1060 2600 Sunt
