2250 2884
483 50 648 92 ..29.„

68 166 117 232 {edu
128 160 207 225 uidero,
222 176 284 227 atque
300 173 355 213 adeo
372 183 419 212 cum
436 163 520 227 ὑπομονῇ
533 164 591 230 ἔργον
601 164 696 223 adpetet,
712 170 737 210 eh
752 176 836 213 auctore
852 177 937 215 notatus
954 177 992 224 est,
1007 180 1058 227 tum,

68 252 111 293 sive
126 251 242 303 Judaeum,
263 251 306 291 sive
323 248 438 302 gentilem,
458 253 554 289 aeternae
573 250 642 290 salutis
660 249 929 303 participempraedicari.
960 234 1059 304 Quodsi

67 331 130 371 etiam
145 326 375 377 altiusadsoendimns,
392 325 497 365 undenam
507 323 619 380 ¹profectus
635 330 661 369 sit
676 329 708 379 1²„
724 333 745 367 et
760 310 810 381 huid
824 332 956 383 propositum
972 332 1059 384 haheat,

23 402 24 405 ¹
67 408 136 449 denuo
151 406 289 457 recordaturi,
304 404 338 444 his
348 404 418 445 verbis
434 403 619 456 comprehendisse
634 406 734 446 sufficiet:
749 407 807 446 nullo
821 407 876 461 legis
890 409 1005 462 praesidio,
1021 409 1059 451 sed

67 487 112 526 sola
126 486 169 526 fide
185 484 268 525 Christo
284 495 334 540 vere
346 480 420 520 habita
434 481 527 522 nascitur
542 482 564 520 in
576 480 664 522 Judaeis
678 483 758 536 pariter
773 490 794 524 et
808 485 859 538 ipsis
875 488 975 539 gentihus
994 502 1059 529 cvera

64 565 151 618 (lustitia,
166 563 264 603 nimirum
279 560 320 602 Dei
335 560 401 613 ipsius
407 572 417 599 n
435 562 534 610 (adeoque
546 563 612 609 imago
624 562 660 599 Dei
673 561 734 600 solida
748 565 766 598 et
779 574 875 612 expressae.
886 565 911 601 of.
926 567 1002 604 omnino
1016 567 1057 604 Uol.

66 648 98 693 111,
110 650 134 685 1⁰
146 646 189 692 11.)
218 639 315 681 Eandem
328 639 459 688 sententiam,
475 651 488 675 a
503 649 543 688 qna
558 635 628 675 omnia
642 635 736 690 pendere
751 638 812 677 sentit
822 638 868 690 dp,
884 639 950 691 paulo
964 647 1013 694 post
1029 642 1058 682 sio

66 719 139 760 effert:
159 713 291 778 Λογιζόμεέτω
311 705 342 756 uh
357 710 419 758 uicta
434 706 557 754 deutsche
573 702 685 772 ἄνθρωπον,
707 709 767 772 χωρὶς
782 704 843 773 ἔργων
858 711 917 771 νόμον
939 717 989 770 (ΙΙΙ,
1006 718 1058 769 28].

66 775 115 840 Hoc
130 812 178 839 vero
193 800 241 839 loco
256 796 322 849 piane
338 792 467 833 eontrarium
484 789 557 830 audire
572 786 667 831 videniur
685 804 711 832 ex
727 793 801 834 eodem
817 796 913 848 apostolo
930 798 1060 851 simpliciter

65 878 227 931 pronunciante:
240 870 263 913 oi
279 864 356 921 ποιηταὶ
372 863 405 911 τοῦ
421 863 478 924 νόμου
494 861 666 923 dueruhdoodm,
681 870 703 910 h.
717 885 734 910 e.
750 872 772 911 in
787 872 858 913 futuro
873 872 914 913 Dei
927 875 1025 928 judicio,
1042 890 1056 917 s.

66 954 94 994 ad
108 954 199 994 tribunal
214 951 300 991 Christi.
330 949 381 990 Scio
397 949 533 1000 interpretes,
548 948 588 987 nisi
603 951 696 998 taceant,
711 954 734 987 ut
750 949 835 1008 assolet,
850 950 884 989 vel
899 951 953 991 adeo
970 952 1056 994 Christo

66 1031 141 1071 Sotere
161 1030 191 1070 nil
207 1042 258 1083 opus
275 1040 318 1068 esse
334 1026 387 1066 hino
403 1024 508 1075 efficiant,
530 1035 555 1062 ex
574 1023 690 1079 hypothesi
710 1038 734 1063 ea
754 1024 798 1066 diei
818 1026 884 1078 velle,
906 1029 941 1068 cui
961 1031 1057 1082 opinioni

65 1108 87 1148 in
103 1108 143 1148 hae
159 1121 262 1161 compage
277 1106 428 1146 sententiarum
444 1105 470 1149 (a
484 1100 527 1142 nli
542 1101 606 1150 iude]
622 1102 714 1142 nihilum
731 1105 814 1144 omnino
830 1105 964 1160 suffragatur.
989 1108 1057 1161 Equi-

65 1183 114 1223 dem
129 1198 177 1224 vero
192 1184 282 1223 Paulum
298 1196 342 1223 non
357 1181 425 1235 magis
441 1194 454 1219 a
469 1193 491 1220 se
505 1180 574 1232 ipsum
590 1178 700 1220 dissentire
716 1182 814 1233 arbitror,
833 1196 895 1235 quam
909 1184 1001 1225 Paulum
1012 1185 1055 1226 'Ja-

66 1262 120 1302 cobo
137 1275 176 1314 ap,
192 1263 225 1301 vel
241 1260 294 1301 adeo
312 1260 419 1300 Christum
435 1258 519 1298 sibimet
533 1257 602 1309 ipsum
617 1271 714 1312 pugnare
730 1260 885 1313 [Compositam
901 1261 982 1303 dudum
997 1264 1057 1305 litem

64 1339 154 1380 invenies
170 1340 192 1379 in
206 1339 311 1393 Knappii,
322 1338 432 1398 Neandri,
448 1338 473 1377 al.
489 1334 594 1389 scriptis).
619 1336 672 1376 Nam
684 1337 720 1378 hic
734 1352 815 1392 qnoque
826 1339 893 1380 Panlo
908 1355 941 1381 res
958 1347 989 1382 est
1005 1357 1054 1384 oum

64 1417 99 1468 iis,
116 1418 150 1469 qui
164 1418 243 1457 novisse
259 1417 331 1471 legem
346 1417 395 1456 satis
408 1415 521 1466 ducerent,
537 1415 612 1467 quihus
628 1414 711 1453 sibimet
726 1420 822 1456 constans
838 1418 987 1460 cum-Jacoho
1002 1427 1067 1475 gra-⁵

66 1495 118 1534 viter
134 1494 226 1535 dicturus
243 1500 298 1535 erat:
321 1487 338 1533 ΙΙ
354 1492 421 1540 πίστις
435 1488 496 1552 χωρὶς
510 1486 547 1533 uh
562 1483 697 1550 dpyutreepoi
712 1485 754 1532 ἔστι
769 1489 831 1534 καθ’
847 1487 933 1544 ἑωυτήν
950 1498 1010 1545 (dac.
1025 1500 1057 1553 ΙΙ,

65 1572 95 1613 14
111 1578 162 1621 ss.)¹
179 1572 255 1612 Itidem
271 1571 368 1613 Christus
388 1573 416 1613 de
428 1569 515 1624 judicio
533 1571 619 1622 loquens
640 1570 710 1609 onmia
729 1570 811 1611 videtur
830 1574 892 1620 rebus
911 1588 951 1616 siro
967 1578 1053 1618 nomine

65 1650 194 1690 benefactis
210 1650 290 1699 metiri3
317 1650 368 1703 quid
384 1650 454 1689 enim?
476 1651 498 1690 in
513 1648 580 1689 messi
598 1659 646 1686 nuni
662 1648 740 1687 semina
759 1662 785 1688 an
799 1650 894 1702 finctus
910 1656 1054 1705 quaeruntur?

65 1727 147 1768 Eadem
162 1733 193 1769 est
207 1728 268 1768 ratio
280 1727 344 1781 hujus
359 1729 415 1779 loci,
436 1729 472 1781 qui
493 1739 532 1780 pro
549 1725 636 1766 oonsilio
656 1724 741 1777 quidem
757 1727 846 1766 auctoris
866 1727 893 1768 de
909 1730 955 1770 sola
971 1732 1054 1773 actione

65 1807 120 1859 agit,
136 1807 165 1846 ita
179 1794 258 1858 tamen,
274 1811 298 1846 ut
314 1806 342 1846 ad
357 1807 468 1846 veritatem
483 1817 580 1844 sensuum
595 1817 628 1856 ap.
645 1802 699 1842 nihil
713 1804 761 1843 insit
777 1805 833 1844 aliud
848 1806 886 1846 nisi
901 1807 967 1848 illud:
991 1802 1053 1851 ov'ht

65 1870 107 1941 alpe
122 1876 160 1922 νῦν
176 1878 297 1944 κατάκριμα
312 1877 351 1929 τοῖς
361 1875 380 1925 ἐν
390 1877 467 1942 Χριστῷ
481 1876 544 1933 iroth,
560 1872 589 1937 pri
604 1876 660 1921 nard
671 1875 741 1940 roipert
752 1878 900 1939 περιπατοῦσιν,
916 1882 979 1928 dahel
995 1884 1053 1931 euvei

65 1955 143 2016 arripe
158 1959 233 2012 (VIII,
249 1962 269 2003 1.
286 1968 327 2012 ss.)

162 2037 211 2077 Jam
225 2051 275 2078 vero
297 2040 333 2080 vix
349 2039 408 2080 dicto
429 2052 481 2092 opus
502 2043 541 2089 est,
561 2051 642 2079 versrnn
659 2037 688 2078 14
709 2043 781 2091 quarta
801 2042 847 2081 viee
866 2055 906 2095 per
926 2046 1051 2097 particulam

64 2110 107 2174 peip
123 2116 263 2167 superioribus
284 2130 389 2157 annexum
409 2130 451 2156 non
470 2115 497 2155 de
513 2129 591 2169 genere
610 2117 681 2157 neseio
702 2131 743 2170 quo
759 2118 869 2160 hominurn
884 2135 940 2163 novo
958 2129 978 2164 et
993 2127 1050 2166 inso-

63 2194 115 2234 lenti
131 2207 142 2232 a
157 2206 189 2233 me
206 2193 283 2245 accipi,
304 2207 376 2234 verunr
391 2207 434 2237 non
448 2207 508 2248 posse
528 2194 568 2234 alio
589 2208 651 2247 qnam
672 2194 699 2234 ad
718 2195 803 2236 eosdem
822 2197 870 2237 illos
886 2199 972 2252 referri,
993 2203 1050 2243 circa

64 2285 116 2326 quos
132 2272 197 2312 omnis
214 2271 280 2310 oratio
295 2275 395 2310 versatur.

161 2349 342 2403 Nimirunrtpsos
357 2347 460 2389 ‹hedueos
474 2353 537 2390 testes
553 2348 641 2390 adhibet
660 2363 721 2390 verae
737 2365 763 2391 ex
778 2352 820 2392 fide
834 2352 935 2416 justitiae.
966 2355 1050 2411 Legem

65 2427 168 2468 enimvero
183 2428 255 2481 magni
270 2425 361 2466 faciunt:
381 2438 457 2478 nempe
477 2427 559 2467 inanem
580 2427 625 2481 ejus
641 2428 737 2468 umbram
751 2443 855 2471 senumve.
893 2432 961 2473 Cedat
975 2437 1051 2478 umbra

65 2504 114 2557 soli,
128 2504 209 2544 litterae
225 2504 307 2558 species
323 2505 366 2560 ipsi
381 2505 473 2545 ueritati
487 2508 570 2545 rerum.
602 2496 625 2546 oi
640 2503 726 2559 nointel,
743 2508 812 2562 quiqui
828 2513 884 2560 sunt,
900 2511 966 2564 legis,
982 2526 1050 2567 neque

835 2586 850 2626 8
