<?xml version="1.0" encoding="UTF-8"?>
<!DOCTYPE html PUBLIC "-//W3C//DTD XHTML 1.0 Transitional//EN"
    "http://www.w3.org/TR/xhtml1/DTD/xhtml1-transitional.dtd">
<html xmlns="http://www.w3.org/1999/xhtml" xml:lang="en" lang="en">
 <head>
  <title>
</title>
<meta http-equiv="Content-Type" content="text/html;charset=utf-8" />
  <meta name='ocr-system' content='tesseract 3.04.00' />
  <meta name='ocr-capabilities' content='ocr_page ocr_carea ocr_par ocr_line ocrx_word'/>
</head>
<body>
  <div class='ocr_page' id='page_1' title='image "MN41485ucmf_4_0042.png"; bbox 0 0 2250 2884; ppageno 0'>
   <div class='ocr_carea' id='block_1_1' title="bbox 487 103 652 144">
    <p class='ocr_par' dir='ltr' id='par_1_1' title="bbox 487 103 652 144">
     <span class='ocr_line' id='line_1_1' title="bbox 487 103 652 144; baseline -0.018 -8"><span class='ocrx_word' id='word_1_1' title='bbox 487 103 652 144; x_wconf 68' lang='lat'>...22-</span> 
     </span>
    </p>
   </div>
   <div class='ocr_carea' id='block_1_2' title="bbox 58 222 1104 1846">
    <p class='ocr_par' dir='ltr' id='par_1_2' title="bbox 58 222 1104 1067">
     <span class='ocr_line' id='line_1_2' title="bbox 68 222 1064 278; baseline 0 -14"><span class='ocrx_word' id='word_1_2' title='bbox 68 225 92 264; x_wconf 93' lang='lat' dir='ltr'><strong>in</strong></span> <span class='ocrx_word' id='word_1_3' title='bbox 106 238 182 276; x_wconf 85' lang='lat' dir='ltr'><strong>causa,</strong></span> <span class='ocrx_word' id='word_1_4' title='bbox 199 223 257 277; x_wconf 89' lang='lat' dir='ltr'><strong>quod</strong></span> <span class='ocrx_word' id='word_1_5' title='bbox 273 222 352 263; x_wconf 85' lang='lat' dir='ltr'><strong>Judaei</strong></span> <span class='ocrx_word' id='word_1_6' title='bbox 370 226 432 277; x_wconf 84' lang='lat' dir='ltr'><strong>supra</strong></span> <span class='ocrx_word' id='word_1_7' title='bbox 449 224 550 276; x_wconf 78' lang='lat' dir='ltr'>gentiles,</span> <span class='ocrx_word' id='word_1_8' title='bbox 572 238 623 278; x_wconf 90' lang='lat' dir='ltr'><strong>quos</strong></span> <span class='ocrx_word' id='word_1_9' title='bbox 639 222 748 264; x_wconf 78' lang='lat' dir='ltr'><strong>fastidiose</strong></span> <span class='ocrx_word' id='word_1_10' title='bbox 765 224 869 274; x_wconf 75' lang='lat' dir='ltr'><strong>dicerent,</strong></span> <span class='ocrx_word' id='word_1_11' title='bbox 891 237 937 264; x_wconf 85' lang='lat' dir='ltr'><strong>sese</strong></span> <span class='ocrx_word' id='word_1_12' title='bbox 954 224 1064 265; x_wconf 84' lang='lat' dir='ltr'><strong>evehendo</strong></span> 
     </span>
     <span class='ocr_line' id='line_1_3' title="bbox 58 302 1066 357; baseline -0.001 -13"><span class='ocrx_word' id='word_1_13' title='bbox 58 317 105 344; x_wconf 72' lang='lat' dir='ltr'><strong>‘eos</strong></span> <span class='ocrx_word' id='word_1_14' title='bbox 121 304 247 356; x_wconf 90' lang='lat' dir='ltr'><strong>impuritatis</strong></span> <span class='ocrx_word' id='word_1_15' title='bbox 264 308 285 343; x_wconf 89' lang='lat' dir='ltr'><strong>et</strong></span> <span class='ocrx_word' id='word_1_16' title='bbox 300 303 434 356; x_wconf 79' lang='lat' dir='ltr'><strong>profanitatis</strong></span> <span class='ocrx_word' id='word_1_17' title='bbox 450 303 528 354; x_wconf 90' lang='lat' dir='ltr'><strong>cupide</strong></span> <span class='ocrx_word' id='word_1_18' title='bbox 543 302 700 353; x_wconf 80' lang='lat' dir='ltr'><strong>insimrdabant,</strong></span> <span class='ocrx_word' id='word_1_19' title='bbox 716 302 825 357; x_wconf 89' lang='lat' dir='ltr'><strong>iidemque</strong></span> <span class='ocrx_word' id='word_1_20' title='bbox 837 306 903 342; x_wconf 83' lang='lat' dir='ltr'><strong>semet</strong></span> <span class='ocrx_word' id='word_1_21' title='bbox 913 303 970 355; x_wconf 88' lang='lat' dir='ltr'><strong>ipsos</strong></span> <span class='ocrx_word' id='word_1_22' title='bbox 984 303 1066 345; x_wconf 80' lang='lat' dir='ltr'><strong>salutis</strong></span> 
     </span>
     <span class='ocr_line' id='line_1_4' title="bbox 69 379 1065 436; baseline -0.002 -14"><span class='ocrx_word' id='word_1_23' title='bbox 69 382 103 422; x_wconf 92' lang='lat' dir='ltr'><strong>vel</strong></span> <span class='ocrx_word' id='word_1_24' title='bbox 113 401 114 404; x_wconf 40' lang='lat'>¹</span> <span class='ocrx_word' id='word_1_25' title='bbox 117 379 223 434; x_wconf 81' lang='lat' dir='ltr'><strong>justitiae</strong></span> <span class='ocrx_word' id='word_1_26' title='bbox 242 395 281 436; x_wconf 87' lang='lat' dir='ltr'><strong>per</strong></span> <span class='ocrx_word' id='word_1_27' title='bbox 301 380 409 423; x_wconf 79' lang='lat' dir='ltr'><strong>Christum</strong></span> <span class='ocrx_word' id='word_1_28' title='bbox 425 382 516 435; x_wconf 80' lang='lat' dir='ltr'><strong>gratuito</strong></span> <span class='ocrx_word' id='word_1_29' title='bbox 537 383 620 424; x_wconf 86' lang='lat' dir='ltr'><strong>oblatae</strong></span> <span class='ocrx_word' id='word_1_30' title='bbox 641 396 683 422; x_wconf 87' lang='lat' dir='ltr'><strong>non</strong></span> <span class='ocrx_word' id='word_1_31' title='bbox 703 383 795 436; x_wconf 82' lang='lat' dir='ltr'><strong>perinde</strong></span> <span class='ocrx_word' id='word_1_32' title='bbox 816 387 876 435; x_wconf 84' lang='lat' dir='ltr'><strong>atque</strong></span> <span class='ocrx_word' id='word_1_33' title='bbox 900 382 1065 436; x_wconf 79' lang='lat' dir='ltr'><strong>illosindigere</strong></span> 
     </span>
     <span class='ocr_line' id='line_1_5' title="bbox 66 459 1065 515; baseline 0.001 -17"><span class='ocrx_word' id='word_1_34' title='bbox 66 459 190 513; x_wconf 82' lang='lat' dir='ltr'><strong>jactabant,</strong></span> <span class='ocrx_word' id='word_1_35' title='bbox 207 461 259 513; x_wconf 91' lang='lat' dir='ltr'><strong>quin</strong></span> <span class='ocrx_word' id='word_1_36' title='bbox 273 465 357 515; x_wconf 84' lang='lat' dir='ltr'><strong>praeter</strong></span> <span class='ocrx_word' id='word_1_37' title='bbox 372 474 450 507; x_wconf 86' lang='lat' dir='ltr'><strong>meram</strong></span> <span class='ocrx_word' id='word_1_38' title='bbox 465 459 530 500; x_wconf 89' lang='lat' dir='ltr'><strong>fidem</strong></span> <span class='ocrx_word' id='word_1_39' title='bbox 547 465 568 501; x_wconf 88' lang='lat' dir='ltr'><strong>ct</strong></span> <span class='ocrx_word' id='word_1_40' title='bbox 582 459 700 514; x_wconf 83' lang='lat' dir='ltr'><strong>supplicem</strong></span> <span class='ocrx_word' id='word_1_41' title='bbox 711 461 804 501; x_wconf 91' lang='lat' dir='ltr'><strong>animum</strong></span> <span class='ocrx_word' id='word_1_42' title='bbox 817 462 843 501; x_wconf 89' lang='lat' dir='ltr'><strong>de</strong></span> <span class='ocrx_word' id='word_1_43' title='bbox 856 475 892 502; x_wconf 93' lang='lat' dir='ltr'><strong>suo</strong></span> <span class='ocrx_word' id='word_1_44' title='bbox 902 459 983 513; x_wconf 90' lang='lat' dir='ltr'><strong>aliquid</strong></span> <span class='ocrx_word' id='word_1_45' title='bbox 994 464 1065 500; x_wconf 83' lang='lat' dir='ltr'><strong>osten-</strong></span> 
     </span>
     <span class='ocr_line' id='line_1_6' title="bbox 68 532 1066 596; baseline 0.001 -19"><span class='ocrx_word' id='word_1_46' title='bbox 68 542 144 579; x_wconf 84' lang='lat' dir='ltr'><strong>tarent.</strong></span> <span class='ocrx_word' id='word_1_47' title='bbox 170 539 268 592; x_wconf 88' lang='lat' dir='ltr'><strong>Denique</strong></span> <span class='ocrx_word' id='word_1_48' title='bbox 284 539 336 593; x_wconf 89' lang='lat' dir='ltr'><strong>quid</strong></span> <span class='ocrx_word' id='word_1_49' title='bbox 347 539 454 579; x_wconf 88' lang='lat' dir='ltr'><strong>faciebant</strong></span> <span class='ocrx_word' id='word_1_50' title='bbox 465 538 531 589; x_wconf 81' lang='lat' dir='ltr'><strong>aliud,</strong></span> <span class='ocrx_word' id='word_1_51' title='bbox 546 539 585 578; x_wconf 90' lang='lat' dir='ltr'><strong>nisi</strong></span> <span class='ocrx_word' id='word_1_52' title='bbox 597 543 619 578; x_wconf 93' lang='lat' dir='ltr'><strong>ut</strong></span> <span class='ocrx_word' id='word_1_53' title='bbox 634 532 719 596; x_wconf 67' lang='lat' dir='ltr'><strong>apicum</strong></span> <span class='ocrx_word' id='word_1_54' title='bbox 734 539 801 578; x_wconf 87' lang='lat' dir='ltr'><strong>fidem</strong></span> <span class='ocrx_word' id='word_1_55' title='bbox 813 553 872 580; x_wconf 89' lang='lat' dir='ltr'><strong>suam</strong></span> <span class='ocrx_word' id='word_1_56' title='bbox 881 553 993 592; x_wconf 76' lang='lat' dir='ltr'><strong>ueramque</strong></span> <span class='ocrx_word' id='word_1_57' title='bbox 1002 537 1066 592; x_wconf 77' lang='lat' dir='ltr'><strong>justi-</strong></span> 
     </span>
     <span class='ocr_line' id='line_1_7' title="bbox 70 616 1104 670; baseline 0.001 -14"><span class='ocrx_word' id='word_1_58' title='bbox 70 617 122 657; x_wconf 87' lang='lat' dir='ltr'><strong>tiam</strong></span> <span class='ocrx_word' id='word_1_59' title='bbox 141 618 184 670; x_wconf 91' lang='lat' dir='ltr'><strong>ipsi</strong></span> <span class='ocrx_word' id='word_1_60' title='bbox 205 617 362 668; x_wconf 80' lang='lat' dir='ltr'><strong>adulterarent,</strong></span> <span class='ocrx_word' id='word_1_61' title='bbox 387 622 432 657; x_wconf 94' lang='lat' dir='ltr'><strong>tum</strong></span> <span class='ocrx_word' id='word_1_62' title='bbox 452 617 589 658; x_wconf 84' lang='lat' dir='ltr'><strong>adulteratam</strong></span> <span class='ocrx_word' id='word_1_63' title='bbox 609 616 731 669; x_wconf 80' lang='lat' dir='ltr'><strong>alienigenis</strong></span> <span class='ocrx_word' id='word_1_64' title='bbox 754 618 883 669; x_wconf 81' lang='lat' dir='ltr'><strong>ingererent.</strong></span> <span class='ocrx_word' id='word_1_65' title='bbox 913 618 1064 659; x_wconf 83' lang='lat' dir='ltr'><strong>Proindesnb</strong></span> <span class='ocrx_word' id='word_1_66' title='bbox 1102 661 1104 666; x_wconf 85' lang='lat'><em>.</em></span> 
     </span>
     <span class='ocr_line' id='line_1_8' title="bbox 71 683 1066 749; baseline -0.001 -14"><span class='ocrx_word' id='word_1_67' title='bbox 71 696 175 749; x_wconf 86' lang='lat' dir='ltr'><strong>epistolae</strong></span> <span class='ocrx_word' id='word_1_68' title='bbox 190 697 266 747; x_wconf 89' lang='lat' dir='ltr'><strong>finem,</strong></span> <span class='ocrx_word' id='word_1_69' title='bbox 282 697 318 749; x_wconf 91' lang='lat' dir='ltr'><strong>qui</strong></span> <span class='ocrx_word' id='word_1_70' title='bbox 331 696 465 749; x_wconf 87' lang='lat' dir='ltr'><strong>prooemium</strong></span> <span class='ocrx_word' id='word_1_71' title='bbox 479 683 573 737; x_wconf 84' lang='lat' dir='ltr'><strong>nostrum</strong></span> <span class='ocrx_word' id='word_1_72' title='bbox 588 695 666 747; x_wconf 88' lang='lat' dir='ltr'><strong>ubique</strong></span> <span class='ocrx_word' id='word_1_73' title='bbox 676 694 772 747; x_wconf 82' lang='lat' dir='ltr'><strong>respicit,</strong></span> <span class='ocrx_word' id='word_1_74' title='bbox 788 694 884 734; x_wconf 78' lang='lat' dir='ltr'><strong>Judaeos</strong></span> <span class='ocrx_word' id='word_1_75' title='bbox 898 697 1002 749; x_wconf 79' lang='lat' dir='ltr'><strong>evangelii</strong></span> <span class='ocrx_word' id='word_1_76' title='bbox 1017 709 1066 749; x_wconf 86' lang='lat' dir='ltr'><strong>par-</strong></span> 
     </span>
     <span class='ocr_line' id='line_1_9' title="bbox 70 764 1067 834; baseline -0.002 -19"><span class='ocrx_word' id='word_1_77' title='bbox 70 772 148 830; x_wconf 83' lang='lat' dir='ltr'><strong>ticipes</strong></span> <span class='ocrx_word' id='word_1_78' title='bbox 168 777 264 830; x_wconf 80' lang='lat' dir='ltr'><strong>graviter</strong></span> <span class='ocrx_word' id='word_1_79' title='bbox 276 780 358 816; x_wconf 90' lang='lat' dir='ltr'><strong>monet:</strong></span> <span class='ocrx_word' id='word_1_80' title='bbox 374 765 406 831; x_wconf 71' lang='lat' dir='ltr'><strong>ptri</strong></span> <span class='ocrx_word' id='word_1_81' title='bbox 420 772 509 834; x_wconf 72' lang='lat' dir='ltr'><strong>aprrisu3</strong></span> <span class='ocrx_word' id='word_1_82' title='bbox 531 773 643 828; x_wconf 79' lang='lat' dir='ltr'><strong>(gentilem</strong></span> <span class='ocrx_word' id='word_1_83' title='bbox 659 776 727 812; x_wconf 85' lang='lat' dir='ltr'><strong>autem</strong></span> <span class='ocrx_word' id='word_1_84' title='bbox 744 771 825 812; x_wconf 82' lang='lat' dir='ltr'><strong>Christi</strong></span> <span class='ocrx_word' id='word_1_85' title='bbox 841 773 950 813; x_wconf 86' lang='lat' dir='ltr'><strong>asseclam:</strong></span> <span class='ocrx_word' id='word_1_86' title='bbox 969 764 1000 828; x_wconf 68' lang='lat' dir='ltr'><strong>pati</strong></span> <span class='ocrx_word' id='word_1_87' title='bbox 1014 765 1067 831; x_wconf 69' lang='grc' dir='ltr'><em>ἐξου-</em></span> 
     </span>
     <span class='ocr_line' id='line_1_10' title="bbox 69 848 1066 910; baseline -0.004 -14"><span class='ocrx_word' id='word_1_88' title='bbox 69 848 162 903; x_wconf 69' lang='lat' dir='ltr'><strong>ilers‘rnr</strong></span> <span class='ocrx_word' id='word_1_89' title='bbox 181 869 200 894; x_wconf 84' lang='lat' dir='ltr'><strong>v.</strong></span> <span class='ocrx_word' id='word_1_90' title='bbox 216 854 307 910; x_wconf 82' lang='lat' dir='ltr'><strong>maxime</strong></span> <span class='ocrx_word' id='word_1_91' title='bbox 322 854 381 905; x_wconf 81' lang='lat' dir='ltr'><strong>XIV,</strong></span> <span class='ocrx_word' id='word_1_92' title='bbox 397 855 411 895; x_wconf 84' lang='lat'><strong>3</strong></span> <span class='ocrx_word' id='word_1_93' title='bbox 427 867 482 906; x_wconf 88' lang='lat' dir='ltr'><strong>seqq.</strong></span> <span class='ocrx_word' id='word_1_94' title='bbox 495 855 515 902; x_wconf 72' lang='lat' dir='ltr'><strong>*J</strong></span> <span class='ocrx_word' id='word_1_95' title='bbox 532 875 561 881; x_wconf 87' lang='grc'>-</span> <span class='ocrx_word' id='word_1_96' title='bbox 576 850 634 899; x_wconf 77' lang='lat' dir='ltr'><strong>Quid</strong></span> <span class='ocrx_word' id='word_1_97' title='bbox 650 863 698 889; x_wconf 89' lang='lat' dir='ltr'><strong>vero</strong></span> <span class='ocrx_word' id='word_1_98' title='bbox 713 851 737 891; x_wconf 94' lang='lat' dir='ltr'><strong>P.</strong></span> <span class='ocrx_word' id='word_1_99' title='bbox 751 850 797 904; x_wconf 83' lang='lat' dir='ltr'><strong>jam</strong></span> <span class='ocrx_word' id='word_1_100' title='bbox 813 852 850 891; x_wconf 87' lang='lat' dir='ltr'><strong>illo</strong></span> <span class='ocrx_word' id='word_1_101' title='bbox 865 853 934 906; x_wconf 90' lang='lat' dir='ltr'><strong>primo</strong></span> <span class='ocrx_word' id='word_1_102' title='bbox 951 856 1021 907; x_wconf 88' lang='lat' dir='ltr'><strong>capite</strong></span> <span class='ocrx_word' id='word_1_103' title='bbox 1038 854 1066 894; x_wconf 84' lang='lat' dir='ltr'><strong>ad</strong></span> 
     </span>
     <span class='ocr_line' id='line_1_11' title="bbox 69 927 1065 990; baseline -0.004 -16"><span class='ocrx_word' id='word_1_104' title='bbox 69 934 194 974; x_wconf 86' lang='lat' dir='ltr'><strong>umbilicum</strong></span> <span class='ocrx_word' id='word_1_105' title='bbox 210 933 318 973; x_wconf 82' lang='lat' dir='ltr'><strong>adducere</strong></span> <span class='ocrx_word' id='word_1_106' title='bbox 332 933 434 982; x_wconf 83' lang='lat' dir='ltr'><strong>volucrit,</strong></span> <span class='ocrx_word' id='word_1_107' title='bbox 455 932 501 984; x_wconf 87' lang='lat' dir='ltr'><strong>ipse</strong></span> <span class='ocrx_word' id='word_1_108' title='bbox 517 941 541 968; x_wconf 93' lang='lat' dir='ltr'><strong>eo</strong></span> <span class='ocrx_word' id='word_1_109' title='bbox 557 928 675 981; x_wconf 84' lang='lat' dir='ltr'><strong>respiciens</strong></span> <span class='ocrx_word' id='word_1_110' title='bbox 685 927 758 978; x_wconf 78' lang='grc' dir='ltr'>ΙΙΙ,·9</span> <span class='ocrx_word' id='word_1_111' title='bbox 775 930 881 981; x_wconf 85' lang='lat' dir='ltr'><strong>explicate</strong></span> <span class='ocrx_word' id='word_1_112' title='bbox 897 929 959 971; x_wconf 92' lang='lat' dir='ltr'><strong>dicit:</strong></span> <span class='ocrx_word' id='word_1_113' title='bbox 975 943 1065 990; x_wconf 61' lang='grc' dir='ltr'><strong>προῃτια-</strong></span> 
     </span>
     <span class='ocr_line' id='line_1_12' title="bbox 70 996 789 1067; baseline -0.011 -13"><span class='ocrx_word' id='word_1_114' title='bbox 70 1006 163 1067; x_wconf 65' lang='lat' dir='ltr'><strong>adpetat</strong></span> <span class='ocrx_word' id='word_1_115' title='bbox 178 1004 277 1058; x_wconf 64' lang='lat' dir='ltr'><strong>studuisse</strong></span> <span class='ocrx_word' id='word_1_116' title='bbox 291 1025 310 1051; x_wconf 80' lang='grc' dir='ltr'>π</span> <span class='ocrx_word' id='word_1_117' title='bbox 325 1008 357 1062; x_wconf 60' lang='lat' dir='ltr'><strong>qq)</strong></span> <span class='ocrx_word' id='word_1_118' title='bbox 372 1002 553 1057; x_wconf 60' lang='lat' dir='ltr'><strong>innascentium</strong></span> <span class='ocrx_word' id='word_1_119' title='bbox 568 999 605 1061; x_wconf 67' lang='grc' dir='ltr'><strong>εἶφ’</strong></span> <span class='ocrx_word' id='word_1_120' title='bbox 618 999 725 1064; x_wconf 68' lang='lat' dir='ltr'><strong>dpapriaer·</strong></span> <span class='ocrx_word' id='word_1_121' title='bbox 734 996 789 1046; x_wconf 46' lang='lat' dir='ltr'><strong>ivus,</strong></span> 
     </span>
    </p>

    <p class='ocr_par' dir='ltr' id='par_1_3' title="bbox 69 1085 1066 1846">
     <span class='ocr_line' id='line_1_13' title="bbox 175 1085 1065 1143; baseline -0.009 -12"><span class='ocrx_word' id='word_1_122' title='bbox 175 1091 257 1131; x_wconf 69' lang='lat' dir='ltr'><strong>Sensusv</strong></span> <span class='ocrx_word' id='word_1_123' title='bbox 269 1091 333 1143; x_wconf 75' lang='lat' dir='ltr'><strong>igitur</strong></span> <span class='ocrx_word' id='word_1_124' title='bbox 347 1088 417 1128; x_wconf 87' lang='lat' dir='ltr'><strong>verbis</strong></span> <span class='ocrx_word' id='word_1_125' title='bbox 433 1086 470 1138; x_wconf 81' lang='lat' dir='ltr'><strong>(Il,</strong></span> <span class='ocrx_word' id='word_1_126' title='bbox 480 1087 504 1136; x_wconf 72' lang='lat' dir='ltr'><strong>l}</strong></span> <span class='ocrx_word' id='word_1_127' title='bbox 519 1086 555 1126; x_wconf 89' lang='lat' dir='ltr'><strong>hic</strong></span> <span class='ocrx_word' id='word_1_128' title='bbox 570 1086 631 1125; x_wconf 88' lang='lat' dir='ltr'><strong>inest:</strong></span> <span class='ocrx_word' id='word_1_129' title='bbox 648 1087 706 1135; x_wconf 71' lang='lat' dir='ltr'><strong>Quae</strong></span> <span class='ocrx_word' id='word_1_130' title='bbox 719 1099 786 1138; x_wconf 91' lang='lat' dir='ltr'><strong>quum</strong></span> <span class='ocrx_word' id='word_1_131' title='bbox 799 1085 829 1125; x_wconf 82' lang='lat' dir='ltr'><strong>ita</strong></span> <span class='ocrx_word' id='word_1_132' title='bbox 840 1086 891 1138; x_wconf 85' lang='lat' dir='ltr'><strong>sint,</strong></span> <span class='ocrx_word' id='word_1_133' title='bbox 904 1085 1065 1134; x_wconf 79' lang='lat' dir='ltr'><strong>(quandoquidem</strong></span> 
     </span>
     <span class='ocr_line' id='line_1_14' title="bbox 71 1163 1066 1218; baseline -0.007 -12"><span class='ocrx_word' id='word_1_134' title='bbox 71 1169 147 1216; x_wconf 84' lang='lat' dir='ltr'><strong>aequali</strong></span> <span class='ocrx_word' id='word_1_135' title='bbox 161 1172 184 1205; x_wconf 85' lang='lat' dir='ltr'><strong>ac</strong></span> <span class='ocrx_word' id='word_1_136' title='bbox 196 1168 252 1215; x_wconf 82' lang='lat' dir='ltr'><strong>plnu&#39;e</strong></span> <span class='ocrx_word' id='word_1_137' title='bbox 265 1167 322 1204; x_wconf 87' lang='lat' dir='ltr'><strong>simili</strong></span> <span class='ocrx_word' id='word_1_138' title='bbox 335 1167 430 1212; x_wconf 83' lang='lat' dir='ltr'><strong>utrimque</strong></span> <span class='ocrx_word' id='word_1_139' title='bbox 442 1164 496 1211; x_wconf 89' lang='lat' dir='ltr'><strong>culpa</strong></span> <span class='ocrx_word' id='word_1_140' title='bbox 510 1163 633 1209; x_wconf 87' lang='lat' dir='ltr'><strong>delinquitur)</strong></span> <span class='ocrx_word' id='word_1_141' title='bbox 644 1164 701 1204; x_wconf 73' lang='lat' dir='ltr'><strong>&#39;nihil</strong></span> <span class='ocrx_word' id='word_1_142' title='bbox 717 1164 808 1216; x_wconf 61' lang='lat' dir='ltr'><strong>habes,</strong></span> <span class='ocrx_word' id='word_1_143' title='bbox 819 1170 896 1218; x_wconf 73' lang='lat' dir='ltr'><strong>quote</strong></span> <span class='ocrx_word' id='word_1_144' title='bbox 912 1178 960 1205; x_wconf 75' lang='lat' dir='ltr'><strong>cum</strong></span> <span class='ocrx_word' id='word_1_145' title='bbox 976 1168 1066 1206; x_wconf 65' lang='lat' dir='ltr'><strong>maxime</strong></span> 
     </span>
     <span class='ocr_line' id='line_1_15' title="bbox 69 1227 1065 1300; baseline -0.007 -11"><span class='ocrx_word' id='word_1_146' title='bbox 69 1252 158 1290; x_wconf 82' lang='lat' dir='ltr'><strong>&#39;excuses</strong></span> <span class='ocrx_word' id='word_1_147' title='bbox 174 1227 402 1300; x_wconf 65' lang='lat' dir='ltr'><strong>culpaquecommuni</strong></span> <span class='ocrx_word' id='word_1_148' title='bbox 418 1245 506 1294; x_wconf 75' lang='lat' dir='ltr'><strong>eximas,</strong></span> <span class='ocrx_word' id='word_1_149' title='bbox 526 1243 624 1297; x_wconf 81' lang='lat' dir='ltr'><strong>quisquis</strong></span> <span class='ocrx_word' id='word_1_150' title='bbox 643 1256 664 1282; x_wconf 88' lang='lat' dir='ltr'><strong>es</strong></span> <span class='ocrx_word' id='word_1_151' title='bbox 684 1243 719 1282; x_wconf 86' lang='lat' dir='ltr'><strong>vel</strong></span> <span class='ocrx_word' id='word_1_152' title='bbox 739 1243 781 1282; x_wconf 89' lang='lat' dir='ltr'><strong>tibi</strong></span> <span class='ocrx_word' id='word_1_153' title='bbox 798 1256 841 1283; x_wconf 88' lang='lat' dir='ltr'><strong>esse</strong></span> <span class='ocrx_word' id='word_1_154' title='bbox 855 1243 944 1294; x_wconf 87' lang='lat' dir='ltr'><strong>videris,</strong></span> <span class='ocrx_word' id='word_1_155' title='bbox 966 1256 978 1282; x_wconf 93' lang='lat' dir='ltr'><strong>o</strong></span> <span class='ocrx_word' id='word_1_156' title='bbox 994 1243 1065 1295; x_wconf 88' lang='lat' dir='ltr'><strong>homo,</strong></span> 
     </span>
     <span class='ocr_line' id='line_1_16' title="bbox 71 1315 1065 1383; baseline -0.007 -14"><span class='ocrx_word' id='word_1_157' title='bbox 71 1327 216 1383; x_wconf 79' lang='lat' dir='ltr'><strong>quantumuis</strong></span> <span class='ocrx_word' id='word_1_158' title='bbox 228 1325 317 1369; x_wconf 71' lang='lat' dir='ltr'><strong>(confuse</strong></span> <span class='ocrx_word' id='word_1_159' title='bbox 330 1323 427 1371; x_wconf 84' lang='lat' dir='ltr'><strong>plerique:</strong></span> <span class='ocrx_word' id='word_1_160' title='bbox 444 1320 467 1356; x_wconf 77' lang='lat' dir='ltr'><strong>de</strong></span> <span class='ocrx_word' id='word_1_161' title='bbox 481 1315 576 1365; x_wconf 74' lang='lat' dir='ltr'><strong>eoquod)</strong></span> <span class='ocrx_word' id='word_1_162' title='bbox 595 1320 634 1359; x_wconf 86' lang='lat' dir='ltr'><strong>tibi</strong></span> <span class='ocrx_word' id='word_1_163' title='bbox 650 1321 736 1373; x_wconf 85' lang='lat' dir='ltr'><strong>placens</strong></span> <span class='ocrx_word' id='word_1_164' title='bbox 749 1320 846 1373; x_wconf 79' lang='lat' dir='ltr'><strong>judicem</strong></span> <span class='ocrx_word' id='word_1_165' title='bbox 863 1335 912 1375; x_wconf 81' lang='lat' dir='ltr'><strong>agas</strong></span> <span class='ocrx_word' id='word_1_166' title='bbox 929 1327 1065 1362; x_wconf 83' lang='lat' dir='ltr'><strong>caeterorum.</strong></span> 
     </span>
     <span class='ocr_line' id='line_1_17' title="bbox 70 1397 1065 1455; baseline -0.005 -9"><span class='ocrx_word' id='word_1_167' title='bbox 70 1406 105 1446; x_wconf 80' lang='lat' dir='ltr'><strong>&#39;l&#39;u</strong></span> <span class='ocrx_word' id='word_1_168' title='bbox 122 1406 241 1455; x_wconf 88' lang='lat' dir='ltr'><strong>enimvero,</strong></span> <span class='ocrx_word' id='word_1_169' title='bbox 257 1402 349 1455; x_wconf 88' lang='lat' dir='ltr'><strong>quisquis</strong></span> <span class='ocrx_word' id='word_1_170' title='bbox 366 1414 398 1451; x_wconf 90' lang='lat' dir='ltr'><strong>es,</strong></span> <span class='ocrx_word' id='word_1_171' title='bbox 415 1412 457 1439; x_wconf 92' lang='lat' dir='ltr'><strong>non</strong></span> <span class='ocrx_word' id='word_1_172' title='bbox 472 1399 489 1437; x_wconf 90' lang='lat' dir='ltr'><strong>is</strong></span> <span class='ocrx_word' id='word_1_173' title='bbox 505 1412 536 1448; x_wconf 87' lang='lat' dir='ltr'><strong>es,</strong></span> <span class='ocrx_word' id='word_1_174' title='bbox 553 1398 588 1450; x_wconf 92' lang='lat' dir='ltr'><strong>qui</strong></span> <span class='ocrx_word' id='word_1_175' title='bbox 602 1397 629 1436; x_wconf 91' lang='lat' dir='ltr'><strong>de</strong></span> <span class='ocrx_word' id='word_1_176' title='bbox 641 1398 742 1451; x_wconf 80' lang='lat' dir='ltr'><strong>neglectu</strong></span> <span class='ocrx_word' id='word_1_177' title='bbox 753 1399 847 1437; x_wconf 74' lang='lat' dir='ltr'><strong>veritatis</strong></span> <span class='ocrx_word' id='word_1_178' title='bbox 862 1400 885 1438; x_wconf 88' lang='lat' dir='ltr'><strong>in</strong></span> <span class='ocrx_word' id='word_1_179' title='bbox 897 1399 1001 1453; x_wconf 88' lang='lat' dir='ltr'><strong>deumque</strong></span> <span class='ocrx_word' id='word_1_180' title='bbox 1013 1414 1065 1441; x_wconf 93' lang='lat' dir='ltr'><strong>con-</strong></span> 
     </span>
     <span class='ocr_line' id='line_1_18' title="bbox 70 1475 1065 1530; baseline -0.008 -4"><span class='ocrx_word' id='word_1_181' title='bbox 70 1485 158 1525; x_wconf 83' lang='lat' dir='ltr'><strong>tumelia</strong></span> <span class='ocrx_word' id='word_1_182' title='bbox 174 1480 299 1523; x_wconf 82' lang='lat' dir='ltr'><strong>sententiam</strong></span> <span class='ocrx_word' id='word_1_183' title='bbox 313 1477 379 1518; x_wconf 88' lang='lat' dir='ltr'><strong>dicas.</strong></span> <span class='ocrx_word' id='word_1_184' title='bbox 410 1475 487 1516; x_wconf 82' lang='lat' dir='ltr'><strong>Gurni?</strong></span> <span class='ocrx_word' id='word_1_185' title='bbox 519 1476 621 1516; x_wconf 88' lang='lat' dir='ltr'><strong>Nimirum</strong></span> <span class='ocrx_word' id='word_1_186' title='bbox 637 1476 693 1515; x_wconf 88' lang='lat' dir='ltr'><strong>inte</strong></span> <span class='ocrx_word' id='word_1_187' title='bbox 709 1477 780 1529; x_wconf 85' lang='lat' dir='ltr'><strong>ipsum</strong></span> <span class='ocrx_word' id='word_1_188' title='bbox 794 1477 920 1528; x_wconf 86' lang='lat' dir='ltr'><strong>pronuncias</strong></span> <span class='ocrx_word' id='word_1_189' title='bbox 935 1479 1065 1530; x_wconf 86' lang='lat' dir='ltr'><strong>sententiam,</strong></span> 
     </span>
     <span class='ocr_line' id='line_1_19' title="bbox 71 1540 1066 1618; baseline -0.007 -14"><span class='ocrx_word' id='word_1_190' title='bbox 71 1564 175 1618; x_wconf 82' lang='lat' dir='ltr'><strong>quumin</strong></span> <span class='ocrx_word' id='word_1_191' title='bbox 191 1561 280 1600; x_wconf 87' lang='lat' dir='ltr'><strong>alterum</strong></span> <span class='ocrx_word' id='word_1_192' title='bbox 294 1556 423 1611; x_wconf 83' lang='lat' dir='ltr'><strong>pronuncias</strong></span> <span class='ocrx_word' id='word_1_193' title='bbox 430 1550 438 1594; x_wconf 32' lang='lat'><strong>:¹</strong></span> <span class='ocrx_word' id='word_1_194' title='bbox 451 1554 623 1608; x_wconf 80' lang='lat' dir='ltr'><strong>quandoquidem</strong></span> <span class='ocrx_word' id='word_1_195' title='bbox 638 1558 660 1594; x_wconf 93' lang='lat' dir='ltr'><strong>tu</strong></span> <span class='ocrx_word' id='word_1_196' title='bbox 675 1555 721 1607; x_wconf 88' lang='lat' dir='ltr'><strong>ipse</strong></span> <span class='ocrx_word' id='word_1_197' title='bbox 738 1556 862 1606; x_wconf 85' lang='lat' dir='ltr'><strong>committis,</strong></span> <span class='ocrx_word' id='word_1_198' title='bbox 875 1567 965 1608; x_wconf 90' lang='lat' dir='ltr'><strong>quorum</strong></span> <span class='ocrx_word' id='word_1_199' title='bbox 981 1540 1066 1597; x_wconf 87' lang='lat' dir='ltr'><strong>nomine</strong></span> 
     </span>
     <span class='ocr_line' id='line_1_20' title="bbox 73 1631 1065 1684; baseline -0.006 -12"><span class='ocrx_word' id='word_1_200' title='bbox 73 1643 160 1683; x_wconf 68' lang='lat' dir='ltr'><strong>(lamnas</strong></span> <span class='ocrx_word' id='word_1_201' title='bbox 173 1640 261 1680; x_wconf 67' lang='lat' dir='ltr'><strong>alterum</strong></span> <span class='ocrx_word' id='word_1_202' title='bbox 274 1633 316 1684; x_wconf 83' lang='lat' dir='ltr'><strong>(sol.</strong></span> <span class='ocrx_word' id='word_1_203' title='bbox 331 1632 381 1681; x_wconf 87' lang='lat' dir='ltr'><strong>quod</strong></span> <span class='ocrx_word' id='word_1_204' title='bbox 392 1631 435 1676; x_wconf 86' lang='lat' dir='ltr'><strong>tibi,</strong></span> <span class='ocrx_word' id='word_1_205' title='bbox 447 1631 526 1678; x_wconf 82' lang='lat' dir='ltr'><strong>Judace,</strong></span> <span class='ocrx_word' id='word_1_206' title='bbox 539 1644 599 1680; x_wconf 87' lang='lat' dir='ltr'><strong>nuper</strong></span> <span class='ocrx_word' id='word_1_207' title='bbox 611 1634 654 1668; x_wconf 89' lang='lat' dir='ltr'><strong>ante</strong></span> <span class='ocrx_word' id='word_1_208' title='bbox 664 1632 731 1668; x_wconf 79' lang='lat' dir='ltr'><strong>oculos·</strong></span> <span class='ocrx_word' id='word_1_209' title='bbox 742 1632 853 1679; x_wconf 84' lang='lat' dir='ltr'><strong>posuimus).</strong></span> <span class='ocrx_word' id='word_1_210' title='bbox 866 1650 891 1672; x_wconf 66' lang='lat'><strong>,-</strong></span> <span class='ocrx_word' id='word_1_211' title='bbox 903 1633 932 1674; x_wconf 73' lang='lat' dir='ltr'><strong>At</strong></span> <span class='ocrx_word' id='word_1_212' title='bbox 944 1636 999 1675; x_wconf 66' lang='lat' dir='ltr'><strong>enim</strong></span> <span class='ocrx_word' id='word_1_213' title='bbox 1008 1636 1065 1676; x_wconf 64' lang='lat' dir='ltr'><strong>facta</strong></span> 
     </span>
     <span class='ocr_line' id='line_1_21' title="bbox 71 1708 1065 1780; baseline -0.009 -16"><span class='ocrx_word' id='word_1_214' title='bbox 71 1716 210 1780; x_wconf 63' lang='grc' dir='ltr'><strong>τοόκρίνονπς</strong></span> <span class='ocrx_word' id='word_1_215' title='bbox 229 1716 306 1758; x_wconf 89' lang='lat' dir='ltr'><strong>mentio</strong></span> <span class='ocrx_word' id='word_1_216' title='bbox 327 1726 353 1752; x_wconf 88' lang='lat' dir='ltr'><strong>eo</strong></span> <span class='ocrx_word' id='word_1_217' title='bbox 368 1711 410 1765; x_wconf 89' lang='lat' dir='ltr'><strong>Ap.</strong></span> <span class='ocrx_word' id='word_1_218' title='bbox 431 1708 528 1761; x_wconf 82' lang='lat' dir='ltr'><strong>adducit,</strong></span> <span class='ocrx_word' id='word_1_219' title='bbox 548 1718 571 1750; x_wconf 88' lang='lat' dir='ltr'><strong>ut</strong></span> <span class='ocrx_word' id='word_1_220' title='bbox 591 1724 630 1764; x_wconf 92' lang='lat' dir='ltr'><strong>pro</strong></span> <span class='ocrx_word' id='word_1_221' title='bbox 651 1716 754 1764; x_wconf 84' lang='lat' dir='ltr'><strong>perpetua</strong></span> <span class='ocrx_word' id='word_1_222' title='bbox 774 1711 879 1765; x_wconf 81' lang='lat' dir='ltr'><strong>evangelii</strong></span> <span class='ocrx_word' id='word_1_223' title='bbox 898 1714 980 1753; x_wconf 84' lang='lat' dir='ltr'><strong>ratione</strong></span> <span class='ocrx_word' id='word_1_224' title='bbox 995 1715 1065 1768; x_wconf 91' lang='lat' dir='ltr'><strong>ipsum</strong></span> 
     </span>
     <span class='ocr_line' id='line_1_22' title="bbox 72 1785 1066 1846; baseline -0.011 -3"><span class='ocrx_word' id='word_1_225' title='bbox 72 1816 145 1845; x_wconf 86' lang='lat' dir='ltr'><strong>coram</strong></span> <span class='ocrx_word' id='word_1_226' title='bbox 160 1800 202 1840; x_wconf 86' lang='lat' dir='ltr'><strong>Dei</strong></span> <span class='ocrx_word' id='word_1_227' title='bbox 217 1796 277 1837; x_wconf 88' lang='lat' dir='ltr'><strong>unius</strong></span> <span class='ocrx_word' id='word_1_228' title='bbox 290 1791 374 1846; x_wconf 83' lang='lat' dir='ltr'><strong>judicio</strong></span> <span class='ocrx_word' id='word_1_229' title='bbox 390 1790 453 1830; x_wconf 82' lang='lat' dir='ltr'><strong>sistat.</strong></span> <span class='ocrx_word' id='word_1_230' title='bbox 470 1787 624 1838; x_wconf 80' lang='lat' dir='ltr'><strong>[cfr.Xll,19.</strong></span> <span class='ocrx_word' id='word_1_231' title='bbox 644 1785 809 1839; x_wconf 69' lang='lat' dir='ltr'><strong>Mt.V11,1„2)</strong></span> <span class='ocrx_word' id='word_1_232' title='bbox 840 1789 890 1831; x_wconf 89' lang='lat' dir='ltr'><strong>Hoc</strong></span> <span class='ocrx_word' id='word_1_233' title='bbox 905 1798 975 1831; x_wconf 90' lang='lat' dir='ltr'><strong>autem</strong></span> <span class='ocrx_word' id='word_1_234' title='bbox 990 1793 1037 1844; x_wconf 87' lang='lat' dir='ltr'><strong>ipso</strong></span> <span class='ocrx_word' id='word_1_235' title='bbox 1054 1809 1066 1833; x_wconf 88' lang='lat' dir='ltr'><strong>a</strong></span> 
     </span>
    </p>
   </div>
   <div class='ocr_carea' id='block_1_3' title="bbox 68 1854 1065 1942">
    <p class='ocr_par' dir='ltr' id='par_1_4' title="bbox 68 1854 1065 1942">
     <span class='ocr_line' id='line_1_23' title="bbox 68 1854 1065 1942; baseline -0.017 -16"><span class='ocrx_word' id='word_1_236' title='bbox 68 1880 189 1942; x_wconf 79' lang='lat' dir='ltr'><strong>praesenti</strong></span> <span class='ocrx_word' id='word_1_237' title='bbox 207 1867 258 1936; x_wconf 70' lang='lat' dir='ltr'><strong>o&#39;ppql</strong></span> <span class='ocrx_word' id='word_1_238' title='bbox 273 1866 321 1913; x_wconf 79' lang='grc' dir='ltr'><strong>Θεοῦ</strong></span> <span class='ocrx_word' id='word_1_239' title='bbox 338 1854 369 1921; x_wconf 71' lang='grc' dir='ltr'><strong>(Ι,</strong></span> <span class='ocrx_word' id='word_1_240' title='bbox 384 1867 420 1909; x_wconf 85' lang='grc'><strong>18.</strong></span> <span class='ocrx_word' id='word_1_241' title='bbox 438 1868 464 1908; x_wconf 87' lang='lat' dir='ltr'><strong>cf.</strong></span> <span class='ocrx_word' id='word_1_242' title='bbox 477 1866 505 1918; x_wconf 89' lang='lat' dir='ltr'><strong>II,</strong></span> <span class='ocrx_word' id='word_1_243' title='bbox 521 1866 541 1904; x_wconf 86' lang='lat'><strong>3.</strong></span> <span class='ocrx_word' id='word_1_244' title='bbox 551 1864 571 1905; x_wconf 84' lang='lat'><strong>5.</strong></span> <span class='ocrx_word' id='word_1_245' title='bbox 589 1863 646 1918; x_wconf 87' lang='lat' dir='ltr'><strong>Eph.</strong></span> <span class='ocrx_word' id='word_1_246' title='bbox 658 1864 685 1916; x_wconf 79' lang='lat' dir='ltr'><strong>V,</strong></span> <span class='ocrx_word' id='word_1_247' title='bbox 700 1865 730 1914; x_wconf 82' lang='lat'><strong>6]</strong></span> <span class='ocrx_word' id='word_1_248' title='bbox 752 1865 780 1905; x_wconf 86' lang='lat' dir='ltr'><strong>ad</strong></span> <span class='ocrx_word' id='word_1_249' title='bbox 790 1866 898 1918; x_wconf 80' lang='lat' dir='ltr'><strong>futurum</strong></span> <span class='ocrx_word' id='word_1_250' title='bbox 913 1855 1035 1932; x_wconf 84' lang='lat' dir='ltr'><strong>transfertur</strong></span> <span class='ocrx_word' id='word_1_251' title='bbox 1050 1886 1065 1912; x_wconf 86' lang='lat' dir='ltr'><strong>s.</strong></span> 
     </span>
    </p>
   </div>
   <div class='ocr_carea' id='block_1_4' title="bbox 69 1941 1064 2018">
    <p class='ocr_par' dir='ltr' id='par_1_5' title="bbox 69 1941 1064 2018">
     <span class='ocr_line' id='line_1_24' title="bbox 69 1941 1064 2018; baseline -0.022 -15"><span class='ocrx_word' id='word_1_252' title='bbox 69 1964 147 2018; x_wconf 83' lang='lat' dir='ltr'><strong>justam</strong></span> <span class='ocrx_word' id='word_1_253' title='bbox 162 1957 204 1999; x_wconf 87' lang='lat' dir='ltr'><strong>Dei</strong></span> <span class='ocrx_word' id='word_1_254' title='bbox 219 1944 360 2000; x_wconf 55' lang='lat' dir='ltr'><strong>oirrnuo&#39;dwtm</strong></span> <span class='ocrx_word' id='word_1_255' title='bbox 377 1959 430 2001; x_wconf 78' lang='lat' dir='ltr'><strong>quae</strong></span> <span class='ocrx_word' id='word_1_256' title='bbox 446 1946 467 1985; x_wconf 92' lang='lat' dir='ltr'><strong>in</strong></span> <span class='ocrx_word' id='word_1_257' title='bbox 482 1944 556 1984; x_wconf 88' lang='lat' dir='ltr'><strong>ultimo</strong></span> <span class='ocrx_word' id='word_1_258' title='bbox 573 1941 692 1983; x_wconf 89' lang='lat' dir='ltr'><strong>discrimine</strong></span> <span class='ocrx_word' id='word_1_259' title='bbox 708 1956 780 1983; x_wconf 87' lang='lat' dir='ltr'><strong>rerum</strong></span> <span class='ocrx_word' id='word_1_260' title='bbox 793 1943 931 1985; x_wconf 85' lang='lat' dir='ltr'><strong>humanarum</strong></span> <span class='ocrx_word' id='word_1_261' title='bbox 947 1951 967 1985; x_wconf 88' lang='lat' dir='ltr'><strong>ct</strong></span> <span class='ocrx_word' id='word_1_262' title='bbox 979 1947 1064 2001; x_wconf 75' lang='lat' dir='ltr'><strong>judici0</strong></span> 
     </span>
    </p>
   </div>
   <div class='ocr_carea' id='block_1_5' title="bbox 72 2016 1064 2087">
    <p class='ocr_par' dir='ltr' id='par_1_6' title="bbox 72 2016 1064 2087">
     <span class='ocr_line' id='line_1_25' title="bbox 72 2016 1064 2087; baseline -0.018 -5"><span class='ocrx_word' id='word_1_263' title='bbox 72 2043 110 2082; x_wconf 89' lang='lat' dir='ltr'><strong>fiet</strong></span> <span class='ocrx_word' id='word_1_264' title='bbox 126 2043 159 2087; x_wconf 81' lang='lat' dir='ltr'><strong>[v.</strong></span> <span class='ocrx_word' id='word_1_265' title='bbox 173 2031 280 2086; x_wconf 53' lang='lat'>246.)</span> <span class='ocrx_word' id='word_1_266' title='bbox 315 2022 381 2087; x_wconf 56' lang='lat' dir='ltr'><strong>Kpipan</strong></span> <span class='ocrx_word' id='word_1_267' title='bbox 397 2024 452 2064; x_wconf 89' lang='lat' dir='ltr'><strong>enim</strong></span> <span class='ocrx_word' id='word_1_268' title='bbox 466 2016 490 2063; x_wconf 62' lang='lat' dir='ltr'><strong>d.</strong></span> <span class='ocrx_word' id='word_1_269' title='bbox 506 2022 582 2061; x_wconf 86' lang='lat' dir='ltr'><strong>Paulus</strong></span> <span class='ocrx_word' id='word_1_270' title='bbox 593 2035 616 2060; x_wconf 71' lang='lat' dir='ltr'><strong>s.</strong></span> <span class='ocrx_word' id='word_1_271' title='bbox 632 2020 646 2060; x_wconf 82' lang='lat'><strong>2</strong></span> <span class='ocrx_word' id='word_1_272' title='bbox 662 2028 682 2061; x_wconf 90' lang='lat' dir='ltr'><strong>et</strong></span> <span class='ocrx_word' id='word_1_273' title='bbox 698 2021 713 2061; x_wconf 76' lang='lat'>4</span> <span class='ocrx_word' id='word_1_274' title='bbox 730 2021 816 2061; x_wconf 92' lang='lat' dir='ltr'><strong>omuino</strong></span> <span class='ocrx_word' id='word_1_275' title='bbox 833 2022 864 2062; x_wconf 89' lang='lat' dir='ltr'><strong>sic</strong></span> <span class='ocrx_word' id='word_1_276' title='bbox 880 2022 943 2076; x_wconf 87' lang='lat' dir='ltr'><strong>dicit,</strong></span> <span class='ocrx_word' id='word_1_277' title='bbox 963 2031 985 2065; x_wconf 92' lang='lat' dir='ltr'><strong>nt</strong></span> <span class='ocrx_word' id='word_1_278' title='bbox 999 2026 1064 2079; x_wconf 80' lang='lat' dir='ltr'><strong>plane</strong></span> 
     </span>
    </p>
   </div>
   <div class='ocr_carea' id='block_1_6' title="bbox 73 2100 1064 2169">
    <p class='ocr_par' dir='ltr' id='par_1_7' title="bbox 73 2100 1064 2169">
     <span class='ocr_line' id='line_1_26' title="bbox 73 2100 1064 2169; baseline -0.028 -7"><span class='ocrx_word' id='word_1_279' title='bbox 73 2114 168 2163; x_wconf 86' lang='lat' dir='ltr'><strong>conferri</strong></span> <span class='ocrx_word' id='word_1_280' title='bbox 183 2113 264 2169; x_wconf 86' lang='lat' dir='ltr'><strong>possint</strong></span> <span class='ocrx_word' id='word_1_281' title='bbox 279 2106 383 2150; x_wconf 83' lang='lat' dir='ltr'><strong>Johannis</strong></span> <span class='ocrx_word' id='word_1_282' title='bbox 399 2104 424 2143; x_wconf 93' lang='grc' dir='ltr'><strong>Β.</strong></span> <span class='ocrx_word' id='word_1_283' title='bbox 440 2102 505 2142; x_wconf 84' lang='lat' dir='ltr'><strong>verba</strong></span> <span class='ocrx_word' id='word_1_284' title='bbox 520 2100 542 2139; x_wconf 92' lang='lat' dir='ltr'><strong>in</strong></span> <span class='ocrx_word' id='word_1_285' title='bbox 558 2100 707 2153; x_wconf 78' lang='lat' dir='ltr'><strong>pharisaicam,</strong></span> <span class='ocrx_word' id='word_1_286' title='bbox 728 2112 782 2152; x_wconf 87' lang='lat' dir='ltr'><strong>quae</strong></span> <span class='ocrx_word' id='word_1_287' title='bbox 798 2103 849 2140; x_wconf 89' lang='lat' dir='ltr'><strong>tunc</strong></span> <span class='ocrx_word' id='word_1_288' title='bbox 863 2105 915 2153; x_wconf 88' lang='lat' dir='ltr'><strong>erat,</strong></span> <span class='ocrx_word' id='word_1_289' title='bbox 932 2102 1064 2144; x_wconf 71' lang='lat' dir='ltr'><strong>Juda00rum</strong></span> 
     </span>
    </p>
   </div>
   <div class='ocr_carea' id='block_1_7' title="bbox 71 2167 1064 2340">
    <p class='ocr_par' dir='ltr' id='par_1_8' title="bbox 71 2167 1064 2340">
     <span class='ocr_line' id='line_1_27' title="bbox 73 2167 1064 2247; baseline -0.033 -8"><span class='ocrx_word' id='word_1_290' title='bbox 73 2197 170 2247; x_wconf 78' lang='lat' dir='ltr'><strong>indolem</strong></span> <span class='ocrx_word' id='word_1_291' title='bbox 185 2192 275 2232; x_wconf 82' lang='lat' dir='ltr'><strong>vibrata:</strong></span> <span class='ocrx_word' id='word_1_292' title='bbox 291 2182 318 2233; x_wconf 68' lang='lat' dir='ltr'><strong>‘ric</strong></span> <span class='ocrx_word' id='word_1_293' title='bbox 333 2174 430 2238; x_wconf 55' lang='lat' dir='ltr'><strong>inliniri</strong></span> <span class='ocrx_word' id='word_1_294' title='bbox 446 2173 491 2236; x_wconf 64' lang='grc' dir='ltr'><strong>ὑμῖν</strong></span> <span class='ocrx_word' id='word_1_295' title='bbox 508 2172 578 2235; x_wconf 60' lang='lat' dir='ltr'><strong>papiu</strong></span> <span class='ocrx_word' id='word_1_296' title='bbox 594 2169 638 2220; x_wconf 68' lang='lat' dir='ltr'><strong>aiut</strong></span> <span class='ocrx_word' id='word_1_297' title='bbox 648 2171 678 2224; x_wconf 69' lang='lat' dir='ltr'><strong>uic</strong></span> <span class='ocrx_word' id='word_1_298' title='bbox 689 2174 799 2233; x_wconf 67' lang='grc' dir='ltr'><strong>μελλὲσης</strong></span> <span class='ocrx_word' id='word_1_299' title='bbox 814 2167 882 2237; x_wconf 56' lang='grc' dir='ltr'><em>έργῆςς</em></span> <span class='ocrx_word' id='word_1_300' title='bbox 903 2180 931 2222; x_wconf 62' lang='lat' dir='ltr'><strong>Et</strong></span> <span class='ocrx_word' id='word_1_301' title='bbox 946 2181 1001 2222; x_wconf 68' lang='lat' dir='ltr'>illud</span> <span class='ocrx_word' id='word_1_302' title='bbox 1017 2184 1064 2235; x_wconf 70' lang='lat' dir='ltr'><strong>qui,</strong></span> 
     </span>
     <span class='ocr_line' id='line_1_28' title="bbox 71 2319 320 2340; baseline -0.056 1"><span class='ocrx_word' id='word_1_303' title='bbox 71 2319 320 2340; x_wconf 46' lang='lat' dir='ltr'><em>W</em></span> 
     </span>
    </p>
   </div>
   <div class='ocr_carea' id='block_1_8' title="bbox 70 2393 1065 2574">
    <p class='ocr_par' dir='ltr' id='par_1_9' title="bbox 70 2393 1065 2574">
     <span class='ocr_line' id='line_1_29' title="bbox 70 2393 1065 2461; baseline 0.014 -27"><span class='ocrx_word' id='word_1_304' title='bbox 70 2431 73 2434; x_wconf 78' lang='grc'>,</span> <span class='ocrx_word' id='word_1_305' title='bbox 94 2423 107 2461; x_wconf 66' lang='lat'><strong>⁶)</strong></span> <span class='ocrx_word' id='word_1_306' title='bbox 118 2422 189 2454; x_wconf 83' lang='lat' dir='ltr'><strong>Omnino</strong></span> <span class='ocrx_word' id='word_1_307' title='bbox 198 2417 276 2449; x_wconf 81' lang='lat' dir='ltr'><strong>advenas</strong></span> <span class='ocrx_word' id='word_1_308' title='bbox 282 2424 350 2446; x_wconf 83' lang='lat' dir='ltr'><strong>necesse</strong></span> <span class='ocrx_word' id='word_1_309' title='bbox 357 2415 382 2443; x_wconf 87' lang='lat' dir='ltr'><strong>est</strong></span> <span class='ocrx_word' id='word_1_310' title='bbox 390 2411 487 2443; x_wconf 81' lang='lat' dir='ltr'><strong>aditeratnm</strong></span> <span class='ocrx_word' id='word_1_311' title='bbox 494 2407 535 2442; x_wconf 85' lang='lat' dir='ltr'><strong>illud</strong></span> <span class='ocrx_word' id='word_1_312' title='bbox 543 2399 583 2448; x_wconf 69' lang='grc' dir='ltr'><strong>παῖς</strong></span> <span class='ocrx_word' id='word_1_313' title='bbox 590 2405 610 2440; x_wconf 80' lang='lat' dir='ltr'><strong>&#39;v.</strong></span> <span class='ocrx_word' id='word_1_314' title='bbox 616 2409 640 2447; x_wconf 87' lang='lat' dir='ltr'><strong>le,</strong></span> <span class='ocrx_word' id='word_1_315' title='bbox 648 2415 663 2442; x_wconf 81' lang='lat' dir='ltr'><strong>v.</strong></span> <span class='ocrx_word' id='word_1_316' title='bbox 671 2409 695 2449; x_wconf 76' lang='lat'><strong>18,</strong></span> <span class='ocrx_word' id='word_1_317' title='bbox 706 2412 795 2453; x_wconf 81' lang='lat' dir='ltr'><strong>praecipuo</strong></span> <span class='ocrx_word' id='word_1_318' title='bbox 806 2410 826 2451; x_wconf 76' lang='grc' dir='ltr'><strong>ΙΙ,</strong></span> <span class='ocrx_word' id='word_1_319' title='bbox 835 2412 848 2449; x_wconf 93' lang='lat' dir='ltr'><strong>l,</strong></span> <span class='ocrx_word' id='word_1_320' title='bbox 859 2404 886 2442; x_wconf 81' lang='lat' dir='ltr'><strong>ubi</strong></span> <span class='ocrx_word' id='word_1_321' title='bbox 895 2394 912 2443; x_wconf 74' lang='lat' dir='ltr'><strong>ol</strong></span> <span class='ocrx_word' id='word_1_322' title='bbox 920 2393 1015 2461; x_wconf 54' lang='lat' dir='ltr'><strong>elidem</strong></span> <span class='ocrx_word' id='word_1_323' title='bbox 1024 2401 1065 2454; x_wconf 66' lang='lat' dir='ltr'><strong>mir</strong></span> 
     </span>
     <span class='ocr_line' id='line_1_30' title="bbox 155 2457 1064 2525; baseline -0.033 -4"><span class='ocrx_word' id='word_1_324' title='bbox 155 2478 212 2510; x_wconf 67' lang='lat' dir='ltr'><strong>eedem</strong></span> <span class='ocrx_word' id='word_1_325' title='bbox 224 2476 240 2508; x_wconf 75' lang='lat' dir='ltr'><strong>vi</strong></span> <span class='ocrx_word' id='word_1_326' title='bbox 253 2474 323 2517; x_wconf 70' lang='lat' dir='ltr'><strong>ponitur,</strong></span> <span class='ocrx_word' id='word_1_327' title='bbox 335 2482 367 2515; x_wconf 70' lang='lat' dir='ltr'><strong>qua</strong></span> <span class='ocrx_word' id='word_1_328' title='bbox 377 2458 418 2510; x_wconf 71' lang='lat' dir='ltr'><strong>mis</strong></span> <span class='ocrx_word' id='word_1_329' title='bbox 429 2459 438 2503; x_wconf 74' lang='lat' dir='ltr'><strong>i</strong></span> <span class='ocrx_word' id='word_1_330' title='bbox 449 2460 519 2519; x_wconf 65' lang='lat' dir='ltr'><strong>alopas</strong></span> <span class='ocrx_word' id='word_1_331' title='bbox 529 2468 556 2509; x_wconf 86' lang='lat'><strong>111,</strong></span> <span class='ocrx_word' id='word_1_332' title='bbox 568 2470 591 2508; x_wconf 85' lang='lat' dir='ltr'><strong>ro,</strong></span> <span class='ocrx_word' id='word_1_333' title='bbox 602 2473 619 2501; x_wconf 74' lang='lat' dir='ltr'><strong>a</strong></span> <span class='ocrx_word' id='word_1_334' title='bbox 628 2457 688 2504; x_wconf 69' lang='lat' dir='ltr'><strong>solra</strong></span> <span class='ocrx_word' id='word_1_335' title='bbox 699 2457 755 2522; x_wconf 63' lang='lat' dir='ltr'><strong>cap}</strong></span> <span class='ocrx_word' id='word_1_336' title='bbox 767 2471 789 2502; x_wconf 82' lang='lat' dir='ltr'><strong>u.</strong></span> <span class='ocrx_word' id='word_1_337' title='bbox 800 2471 819 2500; x_wconf 77' lang='lat' dir='ltr'><strong>ro</strong></span> <span class='ocrx_word' id='word_1_338' title='bbox 830 2468 858 2508; x_wconf 71' lang='lat' dir='ltr'><strong>(cr.</strong></span> <span class='ocrx_word' id='word_1_339' title='bbox 870 2458 940 2525; x_wconf 55' lang='lat' dir='ltr'><strong>uotum</strong></span> <span class='ocrx_word' id='word_1_340' title='bbox 951 2472 992 2506; x_wconf 49' lang='lat' dir='ltr'><strong>qs,</strong></span> <span class='ocrx_word' id='word_1_341' title='bbox 1005 2480 1021 2507; x_wconf 74' lang='lat' dir='ltr'><strong>u</strong></span> <span class='ocrx_word' id='word_1_342' title='bbox 1031 2476 1064 2515; x_wconf 61' lang='lat'><strong>93,</strong></span> 
     </span>
     <span class='ocr_line' id='line_1_31' title="bbox 156 2527 1065 2574; baseline -0.013 -5"><span class='ocrx_word' id='word_1_343' title='bbox 156 2536 200 2573; x_wconf 79' lang='lat' dir='ltr'><strong>Quid</strong></span> <span class='ocrx_word' id='word_1_344' title='bbox 214 2534 292 2567; x_wconf 73' lang='lat' dir='ltr'><strong>narsiti</strong></span> <span class='ocrx_word' id='word_1_345' title='bbox 306 2534 356 2573; x_wconf 82' lang='lat' dir='ltr'><strong>volit,</strong></span> <span class='ocrx_word' id='word_1_346' title='bbox 373 2532 409 2574; x_wconf 89' lang='lat' dir='ltr'><strong>ipse</strong></span> <span class='ocrx_word' id='word_1_347' title='bbox 424 2531 489 2572; x_wconf 77' lang='lat' dir='ltr'><strong>exponit</strong></span> <span class='ocrx_word' id='word_1_348' title='bbox 503 2529 532 2568; x_wconf 57' lang='lat'><strong>1³„</strong></span> <span class='ocrx_word' id='word_1_349' title='bbox 550 2533 601 2561; x_wconf 85' lang='lat' dir='ltr'><strong>toturn</strong></span> <span class='ocrx_word' id='word_1_350' title='bbox 615 2529 646 2561; x_wconf 86' lang='lat' dir='ltr'><strong>hoc</strong></span> <span class='ocrx_word' id='word_1_351' title='bbox 662 2529 755 2571; x_wconf 80' lang='lat' dir='ltr'><strong>prologimn</strong></span> <span class='ocrx_word' id='word_1_352' title='bbox 770 2527 892 2569; x_wconf 79' lang='lat' dir='ltr'><strong>corrcludcnrlo,</strong></span> <span class='ocrx_word' id='word_1_353' title='bbox 908 2529 938 2571; x_wconf 84' lang='lat' dir='ltr'><strong>lli,</strong></span> <span class='ocrx_word' id='word_1_354' title='bbox 953 2532 977 2564; x_wconf 73' lang='lat'><strong>28.</strong></span> <span class='ocrx_word' id='word_1_355' title='bbox 990 2534 1018 2572; x_wconf 74' lang='lat'><strong>29,</strong></span> <span class='ocrx_word' id='word_1_356' title='bbox 1037 2535 1065 2566; x_wconf 67' lang='lat' dir='ltr'><strong>„hi</strong></span> 
     </span>
    </p>
   </div>
   <div class='ocr_carea' id='block_1_9' title="bbox 155 2575 992 2648">
    <p class='ocr_par' dir='ltr' id='par_1_10' title="bbox 155 2575 992 2648">
     <span class='ocr_line' id='line_1_32' title="bbox 155 2575 992 2648; baseline -0.029 -7"><span class='ocrx_word' id='word_1_357' title='bbox 155 2583 258 2648; x_wconf 49' lang='lat' dir='ltr'><strong>3⁹3?de</strong></span> <span class='ocrx_word' id='word_1_358' title='bbox 269 2594 355 2638; x_wconf 77' lang='lat' dir='ltr'><strong>proponit,</strong></span> <span class='ocrx_word' id='word_1_359' title='bbox 368 2601 400 2632; x_wconf 68' lang='lat' dir='ltr'><strong>‘lua</strong></span> <span class='ocrx_word' id='word_1_360' title='bbox 411 2591 477 2623; x_wconf 79' lang='lat' dir='ltr'><strong>notione</strong></span> <span class='ocrx_word' id='word_1_361' title='bbox 487 2575 575 2626; x_wconf 73' lang='lat' dir='ltr'><strong>foedatur</strong></span> <span class='ocrx_word' id='word_1_362' title='bbox 586 2597 602 2624; x_wconf 81' lang='lat' dir='ltr'><strong>et</strong></span> <span class='ocrx_word' id='word_1_363' title='bbox 613 2577 676 2626; x_wconf 64' lang='grc' dir='ltr'><em>ἐθνῶν</em></span> <span class='ocrx_word' id='word_1_364' title='bbox 686 2589 780 2629; x_wconf 83' lang='lat' dir='ltr'><strong>promiscue</strong></span> <span class='ocrx_word' id='word_1_365' title='bbox 791 2596 824 2619; x_wconf 84' lang='lat' dir='ltr'><strong>uua</strong></span> <span class='ocrx_word' id='word_1_366' title='bbox 833 2587 875 2619; x_wconf 82' lang='lat' dir='ltr'><strong>ratio</strong></span> <span class='ocrx_word' id='word_1_367' title='bbox 887 2591 992 2626; x_wconf 60' lang='lat' dir='ltr'><strong>continemur,</strong></span> 
     </span>
    </p>
   </div>
   <div class='ocr_carea' id='block_1_10' title="bbox 0 0 1134 2884">
    <p class='ocr_par' dir='ltr' id='par_1_11' title="bbox 0 0 1134 2884">
     <span class='ocr_line' id='line_1_33' title="bbox 0 0 1134 2884; baseline 0 0"><span class='ocrx_word' id='word_1_368' title='bbox 0 0 1134 2884; x_wconf 95' lang='lat' dir='ltr'><strong> </strong></span> 
     </span>
    </p>
   </div>
  </div>
 </body>
</html>
