2250 2884
475 104 507 113 ...
545 83 574 123 10
615 106 645 114 „

59 204 169 258 gloriandi
184 203 292 243 materiam
307 204 421 255 praebeat,
440 202 505 243 immo
521 208 544 243 ut
559 217 729 258 unumquemque
748 218 806 245 reum
822 218 894 246 coram
909 206 956 248 Deo
972 212 1022 262 agat
1038 213 1059 248 et
1121 190 1124 226 3

60 286 118 325 omni
133 285 165 324 sui
179 283 260 323 fiducia
276 286 361 322 exutum
377 283 405 323 ad
420 287 548 323 servatorem
563 283 676 336 propellat.
710 283 826 326 Jusu'riam
841 289 922 337 autem,
939 286 997 341 cujus
1012 286 1058 327 Deo

57 364 133 419 judice
144 364 198 403 ratio
211 364 304 412 constet,
320 375 385 414 quum
396 362 451 415 legis
464 374 594 415 operumque
608 362 679 402 studio
691 364 767 403 frustra
779 370 901 418 quaeratur,
915 364 960 418 jam
971 367 997 406 ab
1011 368 1057 420 ipso

59 443 106 482 Deo
123 442 232 494 exhiberi,
249 454 335 493 eamque
347 440 442 481 credenti
458 439 523 481 cuivis
537 441 710 493 impertiendanu
726 443 801 482 inilia
817 450 886 485 autem
895 441 957 496 fidei
967 441 1058 496 justitia

58 535 108 562 vere
124 522 203 573 inesse,
225 519 325 574 quicquid
341 520 377 560 lex
392 521 529 573 impotentior
544 522 627 561 nonnisi
643 522 741 561 ostendat
757 522 854 576 (ofan,
869 524 889 565 4.
905 522 942 578 5):
963 528 983 564 et
999 537 1058 564 corn-

59 603 152 656 positam
168 615 217 642 eum
232 601 279 640 Deo
290 612 374 655 pacem
390 593 480 659 (εἰρήνην,
496 591 601 649 dabitur,
617 588 755 659 τρνςοιγννγῆν,
771 600 934 657 καταλλαγήν),
952 608 973 643 et
987 617 1058 643 veram
1119 594 1125 609 “¹

60 679 103 720 Dei
120 681 260 736 adoptionem
277 672 407 733 (tratactu),
424 685 445 720 et
453 693 574 734 saepiremue
588 679 708 720 uoluututr's
718 675 856 735 (νομοθεσίας)
871 683 1058 734 confirmationem,

62 764 84 800 et
99 760 192 814 spiritus
206 759 228 797 in
243 771 328 801 carnem
344 772 449 812 omneque
466 771 531 811 genus
546 758 655 811 pravitatis
662 747 775 811 imperium
780 790 786 812 ,
802 766 823 801 et
837 775 905 801 novae
921 762 976 802 vitae
990 763 1058 801 alacre

61 837 189 892 obsequium
209 831 339 897 [tarpeiam
360 842 382 876 et
398 835 562 891 promissorum
583 825 734 889 [ε’ττιιγγελιῶν)
749 840 869 891 veritatem,
891 844 912 879 et
934 853 984 880 cum
1004 840 1058 894 ipsis

57 915 217 971 patribusque·
232 916 345 957 Christum
362 907 453 973 [rorpah
464 908 499 952 uui
511 907 606 970 χριστοῦ)
623 918 792 957 communionem
806 920 844 966 [cf.
854 919 891 973 IV,
901 918 936 959 12.
951 918 989 970 lx,
1000 917 1058 969 6-8),

61 998 82 1033 et
96 1007 147 1034 vero
165 1007 224 1047 spem
235 993 349 1035 beatitatis
364 995 438 1040 [inuno
449 984 516 1047 δ’ἆξης)
531 994 570 1044 per
581 992 635 1046 ipsas
647 1006 755 1033 aerumnas
765 995 787 1032 in
798 1000 906 1036 aeternum
916 996 1058 1038 illustrandae.

60 1069 175 1111 Praeterea
188 1085 258 1112 suoru
269 1076 290 1110 et
301 1070 384 1111 arritum
397 1071 470 1124 ntique
480 1070 527 1110 Deo
543 1074 589 1110 tota
601 1072 644 1111 vita
659 1072 784 1125 praestanda
800 1087 850 1126 esse,
866 1075 904 1115 sed
918 1080 964 1116 tum
976 1076 1059 1116 demum

61 1162 111 1190 vere
131 1163 156 1190 ao
171 1151 235 1204 plene
255 1150 361 1202 exhiberi,
384 1164 447 1204 quum
465 1163 509 1189 non
529 1154 616 1190 externa
632 1152 713 1203 specie,
735 1150 773 1190 sed
793 1165 819 1191 ex
838 1153 908 1193 animo
923 1153 970 1194 Deo
988 1147 1015 1206 τῷ
1030 1141 1061 1194 rod

60 1223 142 1288 regnaut
156 1225 233 1289 epirum
249 1231 360 1270 serviamus
381 1223 505 1290 (λατρεύειν,
525 1242 578 1269 voce
594 1230 682 1282 proprie
698 1228 782 1283 saera),
804 1245 871 1285 neque
893 1232 1001 1273 sacrificiis
1015 1232 1059 1273 istis
1120 1255 1122 1292 3

63 1311 163 1351 emortuis
183 1311 206 1350 in
224 1309 305 1362 templo
325 1309 454 1363 peragendis
475 1308 627 1361 defungamur,
647 1307 685 1347 sed
699 1308 779 1361 ubique
794 1302 890 1351 locorum
905 1317 988 1352 nosmet
1003 1312 1058 1365 ipsos

61 1394 175 1442 nostraque
200 1389 270 1429 omnia
289 1387 337 1428 Deo
360 1388 511 1438 devovemus,
537 1399 606 1439 neque
627 1386 716 1425 fratrum
735 1385 878 1439 juvandorum
905 1390 976 1430 studio
1002 1391 1059 1443 quasi

62 1469 147 1523 operari
165 1481 273 1510 cessemus.
310 1467 375 1517 Quod
396 1468 516 1521 quicunque
533 1468 576 1519 'per
591 1465 656 1505 fidem
672 1465 758 1506 Christo
775 1466 870 1508 habitam
890 1481 940 1509 vere
955 1469 1059 1522 perficiat,

63 1562 111 1588 eum
128 1547 215 1596 demum
230 1547 276 1600 legi
292 1561 305 1585 a
319 1546 366 1587 Deo
382 1547 475 1587 sancitae
491 1546 618 1586 satisfacere,
644 1545 747 1599 'Denique
762 1546 817 1587 nihil
832 1548 891 1588 aliud
907 1562 971 1602 agere
984 1547 1060 1599 Deum,

62 1627 104 1667 nisi
119 1631 144 1666 ut
159 1626 283 1676 Israelem,
299 1626 321 1665 h.
333 1641 350 1666 e.
366 1626 470 1679 populum
485 1625 526 1665 sibi
542 1625 579 1664 uni
596 1630 751 1677 consecratum,
766 1627 789 1665 in
803 1628 864 1667 terris
881 1629 1004 1677 constituat;
1020 1627 1058 1668 sed

62 1705 153 1760 perinde
168 1709 190 1745 ut
205 1703 251 1758 ejus
263 1704 383 1759 principem
397 1704 457 1744 illurn
467 1707 488 1743 et
498 1703 558 1757 quasi
569 1704 728 1758 antesignanum
740 1718 783 1745 nou
793 1706 947 1747 circumcisum
959 1707 1059 1761 adeoque

61 1786 170 1841 gentilem
191 1788 279 1837 propter
300 1784 367 1823 solam
386 1782 452 1822 fidem
470 1795 510 1836 pro
528 1781 587 1835 justo
610 1787 672 1836 atque
698 1797 735 1823 suo
756 1785 886 1836 assumserit,
908 1784 954 1838 jam
974 1784 1059 1824 demum

63 1878 88 1905 ex
103 1863 200 1918 qualibet
214 1866 283 1915 gente
294 1861 346 1902 fidei
356 1861 471 1916 praeconio
484 1874 557 1901 verum
568 1866 589 1900 et
600 1862 715 1915 genuinum
725 1860 823 1902 Israelem
836 1862 922 1915 ooliigi3
937 1861 985 1902 illos
997 1863 1058 1914 eninr,

62 1945 99 1999 qui
108 1943 253 1983 Abrahamum
269 1955 340 1983 carue
352 1947 434 1995 patrem
442 1940 576 1995 jactaverint,
593 1954 619 1980 ne
629 1941 694 1981 fuisse
706 1939 793 1994 quidem
804 1940 909 1992 Israelem,
925 1940 972 1993 (IX,
987 1941 1058 1992 6-8]

62 2030 86 2065 ut
101 2024 138 2077 qui
153 2036 196 2063 non
212 2026 298 2064 externo
315 2023 377 2076 signo
393 2021 427 2062 vel
442 2033 518 2074 opere,
534 2020 572 2060 sed
588 2021 662 2074 spiritu
678 2020 750 2061 divino
766 2023 787 2059 et
802 2019 879 2060 abditis
890 2020 941 2061 fidei
957 2022 1059 2074 sensibus,

63 2103 155 2156 denique
171 2102 252 2155 gratiae
267 2098 384 2155 adoptione
401 2104 516 2142 censeatur.
547 2100 603 2141 Dum
619 2103 688 2140 autem
704 2097 836 2138 Judaeorum
851 2100 940 2139 maxima
955 2113 1003 2153 pars
1018 2099 1059 2140 Dei

63 2184 155 2239 gratiam
170 2182 326 2223 immerentibus
341 2182 386 2223 sola
400 2181 452 2221 fidei
467 2181 517 2235 lege
533 2180 627 2220 oblatam
642 2177 768 2228 contemnit,
783 2176 913 2232 alienigenae
928 2193 979 2220 vero
995 2178 1059 2219 undi-

63 2277 105 2317 que
126 2260 155 2301 ad
173 2260 282 2300 Christum
303 2274 324 2300 se
344 2265 437 2312 vertunt,
461 2259 550 2314 apostoli
571 2259 640 2299 animo
662 2269 746 2296 suorum
766 2269 898 2299 communem
917 2259 962 2298 fere
982 2261 1058 2297 sortem

64 2342 158 2396 lugentis
175 2339 325 2380 obversabatur
345 2354 405 2381 reove
425 2340 453 2380 de
473 2336 573 2381 omm'tus
591 2335 696 2392 gentibus
709 2337 834 2391 progenies
850 2336 987 2386 Abrubcmi,
1007 2350 1059 2391 gens

65 2420 112 2460 Deo
127 2433 166 2472 per
181 2419 280 2473 spiritum
296 2431 344 2458 vere
361 2423 452 2470 sacrata,
473 2423 494 2459 et
514 2417 585 2471 legem
605 2413 650 2467 ejus
668 2427 711 2454 non
731 2415 753 2454 in
772 2415 851 2466 littera,
873 2413 912 2454 sed
931 2413 953 2453 in
972 2419 1058 2467 pectore

65 2486 189 2550 inscriptam
202 2510 286 2551 gerens.
317 2495 347 2537 Et
361 2496 399 2537 hie
414 2497 499 2551 quidem
516 2509 593 2550 scopus
610 2499 640 2536 est
654 2495 718 2534 totius
731 2494 842 2547 epistolae,
859 2493 895 2546 qui
910 2497 979 2534 tamen
995 2509 1007 2534 a
1023 2509 1058 2537 ca-

65 2579 111 2633 pite
126 2590 183 2618 nono
198 2576 323 2620 luculentius
339 2589 423 2631 quoque
437 2577 483 2616 fere
498 2589 558 2617 versu
572 2589 593 2616 se
608 2574 692 2629 prodat.
711 2593 742 2603 --
760 2570 854 2614 Pulchre
874 2571 928 2614 haee
947 2574 1059 2628 gentilium
