2250 2884
478 86 644 128 -33-

67 211 123 252 enirn
137 209 159 250 in
174 203 235 267 puiset
250 207 429 263 acquiescentibus
445 207 474 253 (v.
483 206 535 262 27),
552 213 626 262 gentes
639 221 682 248 non
694 206 743 246 illae
753 207 840 262 quidem
849 211 930 261 natura,
945 206 983 249 sed
995 221 1057 251 evan·

65 291 135 344 gello,
155 304 220 331 novae
243 285 326 334 usioses
346 289 436 339 semiue,
457 279 563 346 vipereis
584 280 701 347 ἐλευθερίας
721 285 782 334 [Jac.
791 287 813 327 11
830 286 886 341 12),
905 285 922 330 r.
942 283 1057 345 πνεόμαπς,

66 363 101 411 τοῦ
114 364 154 417 reela
169 369 226 418 [Vll.
235 370 271 409 fin.
292 366 345 407 VllI
357 366 410 421 in),
425 358 559 418 lsauseev'rnc,
575 380 626 419 quae
642 380 668 407 eu
678 366 722 406 fide
734 371 764 407 est
779 366 826 419 (IX,
840 365 887 419 31),
901 369 1058 410 nanciscuntur.

166 448 224 489 Tum
232 460 252 488 v.
262 444 291 486 15
300 445 370 486 media
380 446 449 485 forma
460 445 521 486 verbi
530 431 673 498 intestimo,
685 445 883 499 monenteWiuem,
893 460 935 487 non
947 453 977 489 est
987 450 1058 505 negli-

67 515 144 581 genda.
174 527 215 566 Est
231 525 286 565 eninr
304 537 343 565 ose
358 524 428 577 ipsum
442 528 560 576 praestare,
577 537 599 564 se
615 525 724 565 vindicare
739 530 801 579 atque
816 527 954 580 approbarer
987 527 1058 577 Quare

67 604 194 648 accusativus
210 604 313 645 internam
328 599 391 643 animi
401 601 547 643 conditionem
559 602 735 656 affectionemque
747 605 858 658 significat.
889 605 919 645 Et
934 618 959 645 ea
974 604 1059 659 quidem

66 687 119 726 ratio
142 680 175 724 est*
190 678 221 723 πῦ
241 674 293 743 ἕργέ
312 696 330 725 τ.
349 694 365 724 ν.
386 683 409 722 in
428 682 499 720 animo
518 681 623 734 inscripti.
671 681 728 721 Inest
747 683 820 735 phrasi
840 684 904 737 ipsius
923 684 1059 739 proprietatis

67 764 171 804 interioris
181 766 277 818 vitaeque
288 764 383 816 integrae
395 759 531 814 significatio.
562 760 620 809 Quid
636 748 712 800 autem¹
721 760 747 801 sit
762 756 781 800 ri
796 753 851 822 ἔργον
865 757 897 804 τοῦ
912 759 980 819 νόμον,
996 763 1060 804 (locet

67 848 123 885 totus
140 846 253 884 contextus
266 841 421 883 sententiarum.
458 837 581 893 Oppouitur
601 839 658 878 enim
676 839 749 880 literae
768 841 802 881 vel
821 843 934 883 acroamati
955 842 989 897 [v.
1008 842 1058 895 13),

67 926 88 961 et
98 909 164 976 ipsam
171 922 279 976 jussorum
288 920 328 960 Dei
340 918 493 969 voluntatisque
508 916 570 955 unius
586 915 727 971 effectionem
739 906 851 972 significat.
882 921 958 961 Liban.
969 920 995 961 Ο.
1005 920 1058 961 XII:

67 997 82 1040 εἰ
96 996 134 1041 eat
143 997 175 1056 pen*
186 996 204 1041 ἐν
219 994 342 1060 γράμμασι,
358 985 411 1038 dau
422 988 475 1053 ἔργῳ
490 986 553 1036 τοῦτον
564 987 667 1035 τεθείκατε
678 989 706 1034 viv
718 988 781 1051 viper.
806 998 855 1037 Jam
871 1000 928 1061 quorl
944 1000 1001 1055 legis
1016 1013 1059 1040 nen

68 1081 163 1119 umbram
178 1078 254 1130 modo,
274 1077 311 1117 secl
325 1076 435 1117 veritatem
453 1078 475 1113 et
490 1087 540 1115 rem
556 1074 628 1128 pesam
644 1074 766 1126 inscriptam
782 1076 810 1115 ait
830 1075 852 1114 in
866 1076 918 1130 ipsis
933 1078 1017 1131 animm,
1033 1078 1058 1118 P.

69 1163 126 1199 certe
141 1156 225 1197 nonnisi
240 1169 301 1196 seusu
316 1138 358 1194 illo
365 1152 497 1209 praecipuis
513 1152 618 1192 vaticiniis
634 1152 687 1200 (uid.
697 1165 747 1206 pag.
757 1152 796 1207 1⁹7)
807 1152 828 1207 i]
849 1155 970 1197 confirmato
987 1156 1058 1198 dicere

32 1268 33 1272 ,
49 1250 50 1253 ’
68 1237 160 1290 petuisse
170 1234 261 1285 videtur,
277 1233 313 1285 qui
328 1232 399 1283 utique
415 1243 453 1282 per
465 1227 573 1268 Christum
590 1228 618 1268 ad
633 1234 731 1270 eventum
744 1231 856 1285 perductus
872 1239 908 1274 est.
925 1235 1059 1282 [ciruauime

68 1314 89 1354 11
100 1315 148 1355 Cer.
157 1313 196 1364 111,
212 1313 243 1363 3,)
278 1310 342 1351 Addo
358 1311 424 1350 instar
439 1307 533 1346 omnirun
549 1306 685 1360 pertenui,
702 1307 727 1348 6:
742 1304 782 1350 ue)
791 1300 885 1351 i‘ermt
898 1305 983 1371 pipere
997 1308 1060 1356 euim

71 1386 90 1434 ἐν
105 1389 128 1446 τῇ
143 1384 218 1453 nopllqe
233 1404 274 1432 ooo.
295 1412 326 1420 -
345 1388 371 1428 In
385 1402 404 1428 v.
424 1376 572 1444 συμμαρτυρεῖν
592 1387 650 1439 quenl
669 1386 728 1439 ajunt
745 1392 922 1443 praepositionem
941 1388 1058 1455 πλεονάζειν,

70 1474 157 1514 nimium
173 1471 274 1511 audaciae
290 1474 319 1509 est
334 1470 357 1515 [a
367 1466 453 1507 Winero
470 1466 493 1504 in
508 1468 587 1505 recent.
599 1463 648 1504 diss.
658 1466 793 1521 exagitatae).
829 1469 916 1512 Cuinam
927 1474 1012 1527 tandem
1027 1476 1058 1516 rei

71 1552 212 1593 testimouium
230 1548 322 1589 veritatis
341 1547 388 1600 ipse
409 1545 488 1584 animus
508 1543 578 1594 (licet,
598 1543 639 1582 nisi
660 1542 742 1584 divinae
762 1546 823 1601 legi?
847 1551 882 1591 cui
900 1552 936 1592 isti
956 1552 1060 1596 auditores

70 1632 155 1672 minime
175 1629 312 1669 assentiuntur
338 1638 364 1678 ex
384 1625 464 1674 annno,
485 1624 551 1662 immo
570 1623 719 1675 peccantibus,
740 1624 791 1665 dum
811 1627 902 1681 ingenue
923 1632 1060 1685 profiteantur

73 1710 106 1765 (I,
121 1708 172 1758 22).
206 1707 300 1746 Verbum
319 1704 364 1743 fere
383 1701 441 1742 idem
461 1700 566 1753 loquitur,
588 1701 646 1754 qued
661 1700 710 1754 Vll,
725 1700 764 1743 22:
785 1697 891 1763 avriiopeu
909 1708 957 1765 legi
975 1711 1020 1753 Dei
1034 1721 1061 1754 ox

73 1788 182 1837 rrirrterieri
191 1786 299 1826 nominee.
307 1784 337 1831 '‘*J
367 1782 416 1835 Ipsa
432 1773 556 1829 oevaiieaoe
570 1792 610 1820 vox
624 1782 742 1835 saepissime
753 1783 776 1823 iu
788 1784 900 1827 meliorem
907 1794 988 1842 partem
997 1791 1025 1830 Ν,
1032 1792 1059 1832 Τ.

12 1915 15 1921 ,
73 1868 167 1917 sumitur,
182 1867 212 1905 ita
222 1869 246 1904 ut
260 1862 346 1916 purgati
361 1874 398 1913 per
409 1859 516 1900 Christum
527 1859 590 1902 animi
603 1861 753 1903 conscientiam
764 1867 785 1902 et
796 1878 900 1907 assensum
915 1867 987 1909 divino
998 1873 1058 1913 nutui

76 1945 148 1986 datum
164 1943 269 1996 significet
285 1938 403 1995 (nwahln
419 1936 517 1991 clavem).
532 1960 563 1969 -
581 1931 662 1996 Μεπεξι)
674 1933 774 1989 ἀλλήλων
788 1943 874 1996 mirum,
895 1960 956 1999 quam
972 1948 1060 1993 diversas

74 2027 184 2079 expertum
195 2021 221 2060 sit
233 2019 389 2074 explicationes.
413 2015 504 2056 Lutlreri
515 2021 572 2058 certe
583 2019 650 2058 versio
665 2021 798 2060 vernaculam
806 2024 874 2076 magis
889 2025 984 2079 linguam
1000 2042 1060 2083 quam

74 2115 172 2157 graecam
187 2099 247 2152 sapit.
277 2098 309 2137 Ne
324 2097 360 2138 liic
381 2095 465 2151 quidem
485 2096 529 2137 ulla
548 2095 694 2137 fluctuantium
715 2099 840 2152 opinionum
854 2114 876 2142 se
891 2104 944 2145 mihi
957 2109 1059 2162 probavit.

73 2230 320 2241 ...-—--—-———-—

96 2325 112 2364 ·)
123 2324 141 2363 lu
150 2323 181 2355 hac
192 2321 227 2362 ipsa
238 2330 263 2361 ep.
275 2318 357 2360 (1197)
372 2319 437 2353 videtur
449 2319 471 2352 ad
485 2320 580 2353 vaticinium
590 2321 630 2354 illud
640 2322 700 2356 Jerem.
713 2324 787 2360 alludere
800 2328 817 2360 iu
832 2329 891 2371 vulgus
907 2332 1014 2375 notissimum,
1027 2345 1060 2378 quo

154 2381 217 2422 integro
228 2378 250 2411 ad
258 2382 330 2410 nostrum
341 2386 406 2410 sensum
416 2379 465 2410 utitur
476 2389 503 2421 ep.
513 2379 535 2410 od
544 2379 595 2413 liebr.
605 2381 649 2422 vlit,
662 2384 681 2413 10
691 2392 704 2416 ε,

94 2471 115 2511 ··)
126 2469 153 2502 De
164 2469 200 2510 lege
211 2468 242 2511 Ap.
252 2469 276 2500 sic
285 2466 335 2508 toqui,
346 2467 439 2499 auctoribus
449 2471 465 2499 et
475 2468 560 2510 prophetis
571 2471 632 2503 etJesu
643 2471 767 2514 (1111111137
776 2484 797 2506 ss.
818 2475 877 2517 xxltt,
888 2478 921 2518 23),
931 2483 948 2510 ut
959 2482 1014 2515 omniu
1023 2485 1061 2517 inte-

154 2526 224 2558 rioribus
234 2528 265 2559 illis
275 2525 354 2559 nronriatis
365 2525 502 2568 comprehendet,
513 2532 575 2570 *sponte
586 2530 653 2571 quisque
660 2536 743 2573 agnoscet.
768 2532 812 2565 idem
822 2544 858 2566 eum
867 2533 922 2569 faeere
932 2537 980 2571 vides
990 2544 1024 2573 toto
1032 2542 1062 2573 loc

158 2583 227 2625 epistola
237 2585 262 2623 (v.
269 2584 296 2623 111,
308 2585 333 2624 tl,
347 2594 389 2618 anau.
399 2584 423 2618 Vl
434 2589 450 2619 et
459 2584 503 2627 vlt.)

804 2672 806 2675 ·
849 2655 864 2697 9
