2250 2884
562 58 696 124 lutat]

44 365 121 455 ,Hic
131 411 183 451 ruri
197 397 260 464 ansusi
274 420 315 449 nos
324 407 422 464 exempli
432 408 480 450 dies
495 421 538 449 non
550 407 620 450 ΤΙΒΙ
627 409 700 460 moolo,
719 407 760 460 Vir
766 408 892 465 plurimum
902 405 1038 458 reverende,

48 505 177 561 rumque,
201 516 280 545 uerum
300 504 381 560 optimo
401 505 480 561 cuique
500 502 568 557 ltujus
587 504 726 561 reipublicae
741 507 786 547 oioi
801 504 939 546 laetissimus
955 504 1036 545 illusit.

44 601 95 642 Piis
115 600 174 640 enim
194 599 217 639 in
236 598 310 640 Deum
330 599 432 642 sensibus
454 600 553 657 TUIque
572 607 641 657 grato
667 615 743 644 amore
765 601 859 658 perfitsi
881 600 975 656 plurimi
998 598 1038 641 ΤΕ

43 695 110 736 hostie
125 695 279 746 circumstant,
294 693 360 749 cujus
374 709 433 747 „neo
445 697 519 749 tarda
534 702 636 739 senectus
652 696 753 740 debilitat
762 697 824 739 uires
840 696 910 737 animi
919 701 1035 752 mutatque

32 789 170 847 'uigoremf‘
200 790 248 835 Nos
263 781 330 844 uero,¹
343 793 422 850 quibus
438 795 527 837 runnu
541 796 709 852 „praeclarum
725 795 782 837 illuol
796 795 871 850 opus“
888 793 995 849 contigit,
1010 798 1036 834 ut

43 886 160 943 salutiferi
174 890 289 945 evangelii
302 896 403 947 segetem
411 906 574 950 spurgeremus
579 923 587 943 ,
603 894 706 949 ciuesque
723 892 754 932 aa
769 902 849 931 veram
865 895 932 944 atque
944 901 1032 945 perpe-

43 989 105 1025 tuom
116 984 242 1028 libertatem
254 987 430 1039 adduceremus,
444 989 557 1044 goudium
565 985 632 1042 hujus
642 989 688 1030 diei
697 970 752 1030 uere
760 991 861 1028 nostrum
872 987 1032 1029 existimamus.

42 1083 116 1139 Atque
132 1084 190 1125 uoleo
205 1083 267 1126 nolis
280 1084 429 1140 gratulamur
447 1086 475 1127 tle
490 1085 525 1128 lois
540 1088 603 1128 saort
620 1086 720 1127 muneris
740 1085 818 1126 oleoem
840 1083 919 1125 lustris
939 1083 1033 1139 antiqua

35 1177 89 1231 fide
98 1180 225 1237 frustaque
240 1181 352 1223 uberrimo
368 1183 432 1238 apud
445 1197 486 1225 nos
497 1174 624 1225 transactis.
655 1181 751 1223 Exstant
762 1181 820 1222 enim
830 1181 952 1236 conspicua
961 1182 1033 1223 multa

37 1277 74 1333 pii
94 1282 115 1318 et
135 1277 245 1332 indefessi
260 1278 345 1320 laboris
361 1278 420 1320 TUI
436 1286 589 1333 monumenta,
615 1282 681 1336 longe
702 1277 756 1321 uero
775 1278 858 1334 plures
882 1273 1032 1333 laetioresque

35 1373 133 1428 fruetus
152 1376 175 1416 in
196 1375 289 1417 cordum
304 1378 571 1435 possimuomorumque
587 1375 744 1435 penetralibus
766 1375 913 1426 delitescunt,
939 1381 961 1416 et
981 1374 1030 1417 Deo

41 1470 126 1525 cogniti
140 1476 163 1513 et
178 1472 349 1528 inperpetuum
363 1474 471 1515 mansuri
507 1473 548 1516 Est
567 1475 637 1531 igitur
648 1472 768 1529 profesto,
785 1471 845 1528 quool
860 1471 949 1513 TEoum
964 1471 1030 1513 hodie

39 1547 132 1622 gratias
151 1568 246 1611 Domino
266 1570 290 1611 in
309 1570 360 1626 ipsu
380 1570 421 1610 illu
441 1571 498 1611 aede
521 1583 630 1627 agamus,
656 1583 722 1627 quam
746 1583 792 1625 per
818 1574 849 1611 tot
867 1582 947 1611 rerum
968 1569 1029 1610 uioes

40 1665 143 1707 musoula
159 1665 224 1707 TUA
238 1672 260 1708 et
280 1680 366 1721 canora
381 1680 439 1717 uon,
456 1665 539 1707 Christi
554 1664 640 1707 Soteris
655 1665 730 1715 testis,
747 1666 873 1720 personuit.
893 1661 958 1705 *Neo
974 1675 1029 1703 uero

40 1775 83 1803 non
97 1762 167 1804 Illum
182 1776 283 1815 oremus,
303 1770 328 1805 ut
343 1777 393 1805 oum
409 1763 533 1805 eommunia
548 1761 623 1803 studio
632 1767 711 1803 nostra
720 1761 771 1817 Ipsi
782 1761 859 1803 oliouta
869 1774 942 1816 porro
954 1758 1029 1813 juvet,

39 1863 86 1899 tum
108 1860 194 1911 TIBI,¹
213 1863 344 1904 uenerande
363 1875 443 1914 senen,
469 1863 492 1902 in
511 1873 573 1902 seros
593 1872 662 1900 annos
681 1864 787 1917 uegetam
807 1864 903 1900 mentem
923 1858 1028 1912 uiresque

38 1959 157 2000 multorum
172 1958 226 2000 hono
241 1964 363 2001 conservet.

138 2073 205 2131 Quod
222 2074 333 2131 reliquum
355 2079 400 2124 est,
424 2087 492 2130 rogo,
511 2078 535 2114 ut
554 2071 665 2123 libellum,
682 2085 746 2127 quern
766 2070 840 2113 TIBI
855 2069 943 2127 offero,
968 2069 1025 2111 lona

38 2190 88 2219 oum
102 2170 168 2213 uenia
183 2171 288 2226 enomere
303 2184 331 2212 ne
345 2170 459 2226 graveris.
494 2165 555 2211 Vale.
