2250 2884
484 76 653 117 -28...

72 197 149 251 igitur,
165 197 222 250 quod
237 209 298 236 uerno
314 196 336 236 h.
349 196 363 236 l.
378 197 523 250 addubitabit,
540 191 597 250 ἔθνη,
614 212 654 252 pro
665 202 742 255 quibus
757 208 778 244 et
789 204 853 244 modo
869 205 921 246 dieti
936 211 994 247 erant
1010 207 1063 261 (ue

74 281 95 317 et
105 276 133 315 10
144 276 170 315 ef.
180 275 197 326 Ι,
210 275 256 325 lt),
272 280 292 315 et
304 276 355 316 alias
367 277 486 329 promiscue
495 283 603 332 ponuntur
614 281 642 326 (e.
653 293 674 334 g.
684 280 695 320 Ι
707 280 755 321 Gor.
765 281 782 335 Ι,
794 281 899 333 2244).
925 284 985 326 Nihil
995 291 1063 328 autem

73 356 185 396 discrimen
204 347 284 411 οἱνάμων
302 362 323 396 et
344 351 381 397 τῶν
402 347 420 398 ἕν
439 350 491 412 νόμῳ
511 358 547 399 hie
567 358 648 399 fectum
669 359 697 399 ad
717 361 809 402 animum
832 375 940 416 moresque
960 369 1063 419 pertinet:

70 436 169 476 nimirum
184 440 273 476 testante
289 448 321 489 ap.
337 437 420 477 nonnisi
435 429 582 495 rofijupeee'ueu
598 451 624 477 ea
639 452 672 477 res
688 443 725 490 est,
742 440 769 479 de
785 455 827 495 quo
843 443 906 483 etiam
921 444 959 484 cfr.
973 445 1021 485 Aet.
1035 445 1062 498 X,

71 515 107 555 34.
147 513 221 564 Quid?
242 513 300 568 quod
322 514 368 567 ipse
387 515 421 567 P„
440 515 494 555 inter
511 515 603 555 Graecos
619 516 664 554 istis
685 518 759 557 ritibus
774 524 795 558 et
811 522 872 562 anxia
887 524 1008 564 morositate
1023 525 1062 564 ab·

71 595 159 646 stinens,
175 599 240 635 semet
255 586 323 651 οἱνομον
339 608 383 635 esse
400 597 438 647 ait,
453 595 511 635 idem
527 607 570 635 sese
586 606 629 633 non
643 592 768 635 dissolutum
784 599 856 650 suique
872 598 1017 652 arbitriissed
1031 592 1061 642 ἶν-

71 688 124 732 repet
139 671 213 733 Χριστῷ
230 675 302 715 dicens
322 673 507 727 (1001·.1x,21‚
524 675 560 714 cfr.
576 669 634 731 νόμος
648 668 758 732 πνεύματος
772 676 834 716 Rom.
848 677 908 730 VIII,
920 680 941 720 2.
951 682 986 730 al.)
1021 681 1061 721 Vi-

70 755 142 796 demus
156 755 222 809 igitur
239 753 282 793 hoe
298 754 405 807 exemplo,
421 755 475 807 ipsos
491 754 527 806 qui
542 758 597 794 reatu
614 753 693 795 Judaei
709 734 786 807 essent,
802 750 855 809 τύπῳ
870 750 954 810 diduxit
969 774 1060 815 evange-

68 833 111 873 lico
129 830 184 885 (Vl,
199 831 241 885 17]
259 836 366 885 suscepto,
388 832 477 885 potuisse
498 823 572 890 velve'r
588 827 641 887 νέμῳ
661 835 695 873 vel
714 822 793 891 dvipec
814 837 885 889 (quod
901 837 1011 878 dicebatur
1026 840 1059 880 vel

70 903 178 958 ἐθνικῶς
196 912 230 951 vel
250 902 396 961 tentaretis,
416 910 473 950 nullo
494 908 521 948 ad
538 910 672 965 dignitatem
687 925 767 952 morum
787 928 827 967 per
841 928 863 954 se
878 921 995 967 momento,
1015 916 1058 958 vid.

69 991 117 1032 Gal.
130 990 159 1042 ΙΙ,
175 990 211 1041 14,
231 990 259 1030 ef.
273 990 320 1030 Act.
334 989 371 1039 XI,
386 987 428 1039 13)
448 988 524 1028 vivere.
558 988 603 1029 Nee
620 988 708 1030 deerant
723 992 809 1031 omnino'
823 987 860 1033 ute
876 986 900 1051 ἐξ
915 983 1058 1054 degustantes,

70 1072 107 1125 qui
121 1071 178 1124 legis
191 1068 291 1123 judaicae
306 1067 394 1107 vineuiis
414 1080 434 1106 se
450 1067 555 1121 obstringi
575 1069 674 1108 sinerent.
694 1068 731 1109 'ld
746 1070 763 1109 si
778 1071 840 1110 etiam
856 1073 990 1126 respicimus,
1003 1065 1058 1128 'dett

68 1163 122 1203 quos
135 1143 192 1189 'dicit
207 1147 242 1198 Ν.,
262 1160 318 1187 nuruo
333 1160 359 1185 ex
374 1145 471 1196 sudans,
491 1159 547 1187 nune
567 1160 594 1186 ex
610 1148 711 1200 gentibus
732 1162 773 1188 esse
793 1154 897 1201 poterant.
928 1151 978 1193 Hoe
992 1154 1058 1207 igitur

68 1230 124 1284 agit,
139 1232 163 1268 ut
173 1227 220 1268 Deo
230 1226 304 1280 judice
317 1240 374 1277 enin,
391 1226 425 1279 qui
436 1239 505 1265 servus
517 1223 632 1285 injustitiae
643 1225 719 1264 vixerit
736 1225 765 1280 (c.
774 1225 826 1280 Vl),
842 1230 958 1281 periturum
974 1231 1057 1284 doceat,

67 1310 110 1350 sive
130 1308 173 1348 hoe
193 1306 257 1346 illove
271 1304 326 1344 statu
346 1310 367 1344 et
385 1304 458 1344 habitu
474 1303 572 1343 exteriori
592 1303 663 1343 fuerit.
680 1327 711 1335 —
731 1304 795 1345 Vides
811 1307 875 1360 igitur
889 1308 951 1348 Pauli
967 1318 1057 1351 mentem

67 1387 167 1428 continuo
184 1383 212 1423 od
227 1388 343 1423 extremum
358 1382 411 1422 illud
427 1382 624 1422 diserirnenrerum
639 1382 771 1434 tendere‚-in
788 1385 947 1437 quo‘Ohristum
959 1387 1056 1441 judicem

66 1466 155 1506 sciamus
174 1463 296 1515 neutiquam
314 1461 458 1514 inquisiturum
478 1473 532 1499 esse:
553 1473 605 1499 num
625 1461 672 1513 quis
688 1464 776 1513 ieonum,
797 1476 848 1515 quos
865 1464 998 1518 judicaturus
1018 1473 1055 1520 est,

66 1541 201 1585 circumcisus
216 1541 291 1591 fuerit,
306 1539 413 1579 noveritne
428 1538 467 1578 hos
483 1538 557 1578 iliosve
572 1537 634 1589 ritus,
650 1552 691 1580 nee
706 1553 743 1591 ne,
759 1541 797 1580 sed
812 1542 875 1594 plane
890 1543 936 1584 aliis
954 1543 981 1584 de
992 1535 1055 1586 rebus

66 1623 240 1676 investigaturum
258 1618 336 1658 Matth.
345 1617 411 1669 XXV,
421 1615 436 1655 7
441 1616 510 1656 -fin

149 1699 184 1757 'Ii
197 1712 258 1749 vero,
279 1697 314 1750 qui
331 1697 353 1736 iu
367 1695 416 1748 lege
432 1695 567 1748 aequiescunt
586 1708 674 1747 eamque
695 1697 754 1748 quasi
770 1696 841 1751 judici
862 1702 985 1741 ostentaturi
1001 1707 1054 1755 sunt,

64 1780 106 1835 ipsi
122 1777 243 1838 ostendent,
264 1787 305 1829 quo
322 1777 462 1828 coarguantur
477 1767 618 1831 [κριθήσονται
633 1787 652 1814 v.
664 1773 713 1823 12).
737 1774 790 1815 Nam
806 1776 922 1831 ipsa'le'gis
936 1780 995 1819 notio
1011 1780 1054 1822 hoc

64 1859 140 1910 habet,
155 1863 178 1897 ut
193 1855 315 1896 faciendum
331 1853 381 1906 quid
395 1853 532 1907 praescribat.
563 1852 606 1901 Qui
621 1851 676 1905 legis
686 1853 786 1893 cultorem
797 1868 819 1893 se
827 1856 945 1908 nuncupat⁷
967 1869 991 1896 eo
1007 1858 1054 1910 ipso

65 1938 110 1992 legi
125 1950 146 1976 se
161 1931 200 1989 per
216 1935 287 1975 omnia
302 1933 419 1973 satisfacere
436 1930 513 1971 debere
532 1930 650 1984 profitetur.
696 1931 749 1971 Nam
764 1931 811 1972 hoo*
823 1935 907 1973 omniuo
923 1939 1053 1987 compertum

66 2020 107 2057 est:
131 2027 191 2054 enon
211 2026 256 2064 eos,
278 2012 313 2065 qui
333 2011 419 2051 audiunt
438 2010 519 2065 legem,
537 2010 603 2064 justos
619 2009 677 2064 apud
693 2010 756 2050 deum
778 2011 843 2058 [lieet
859 2025 928 2053 eoram
943 2013 1053 2055 hominum

65 2093 132 2135 oeulis
146 2083 256 2145 personam
269 2095 344 2145 gerant
355 2090 498 2144 justorum]*]
515 2100 566 2139 esse,
582 2086 620 2127 sed
632 2089 668 2141 qui
679 2088 723 2142 legi
733 2090 869 2142 praestandae
880 2093 955 2133 seriam
966 2106 1052 2146 operam

63 2171 196 2221 navaverint,
209 2169 276 2223 justos
291 2168 403 2220 aliquando
416 2160 547 2208 'declaratum
561 2166 594 2206 iri.

164 2248 199 2288 Ex
215 2251 310 2287 accurato
329 2251 398 2286 autem
410 2234 487 2285 'harum
507 2245 659 2284 sententiarum
675 2242 733 2284 nexu
743 2244 796 2285 iilud
812 2247 913 2300 efficitur,
933 2245 964 2289 rit
979 2243 1052 2296 nocnerit

64 2325 96 2372 πῦ
111 2325 170 2386 νόμον
187 2328 256 2382 primo
272 2325 363 2365 eundem
379 2338 429 2376 esse,
447 2325 482 2377 qui
497 2322 560 2377 paulo
576 2327 625 2362 ante
642 2314 773 2382 ἐργαζόμενος
788 2323 807 2364 τὸ
822 2319 913 2379 ἀγαθάν,
930 2329 975 2367 tum
990 2318 1051 2386 ζητῶν

62 2446 319 2463 Μ

84 2518 98 2557 ·)
108 2516 178 2549 tustinus
188 2513 210 2547 Μ.
220 2511 298 2545 Jrrdoieos
310 2508 395 2550 magistros
405 2507 426 2538 ait
436 2506 518 2539 docuisse:
529 2506 577 2548 siquis
588 2505 638 2546 stirpe
649 2511 692 2538 esset
701 2505 776 2538 Abrahae
786 2515 848 2546 semen,
859 2508 921 2541 etiamsi
931 2509 963 2543 Dei
971 2512 1050 2546 mundatis

145 2583 178 2606 uon
189 2573 315 2615 obtemperaret
325 2570 380 2611 utique
391 2556 485 2611 (πάντως)
498 2558 528 2608 τήν
541 2556 651 2613 {tartense
662 2555 734 2602 detinet
750 2569 765 2601 ei
775 2577 856 2601 cessurum
864 2556 906 2601 esse.
