2250 2884
482 91 650 132 ...26-

68 218 128 253 verat
145 212 197 268 (vid.
214 225 231 251 e.
241 223 262 264 g.
280 210 323 250 Tit.
333 211 350 262 l,
364 212 399 252 10.
409 225 435 252 ss.
452 212 479 252 cf.
489 211 563 253 ITim.
573 212 611 264 VI,
621 212 642 252 3.
651 226 675 252 ss.
692 212 786 253 lThess.
795 212 823 265 II,
833 211 868 253 15.
880 212 914 253 16.
931 213 978 255 Gal.
987 213 1013 265 V,
1024 212 1059 253 20.

69 307 94 333 ss.
112 293 148 343 Vl,
159 291 193 331 12.
204 295 239 340 ss.)
269 289 366 344 Denique
381 291 435 332 nihil
452 304 476 330 ea
491 305 544 332 voce
561 292 687 345 (simplicius
698 292 760 332 solito
772 290 906 345 explicanda]
922 293 988 333 voluit
1004 292 1061 332 aliud

70 371 148 423 eloqui,
164 370 203 410 nisi
214 369 273 423 quod
284 368 375 422 legentis
387 370 455 409 animo
471 382 497 408 ex
510 384 528 410 c.
537 370 554 421 I,
570 384 602 410 vv.
611 369 688 422 28..ss.,
703 363 872 423 praesertimnod
883 367 972 430 apiarum
988 372 1060 425 effigie

69 450 113 500 illa,
128 449 191 497 unice
203 448 308 488 obversari
318 448 453 501 intelligeret.
468 470 499 477 —-
514 448 637 489 Iuterseruit
649 455 717 489 autem
732 450 836 502 quaedam
851 452 919 491 versui
935 450 962 490 ad
978 447 1061 490 causam

71 528 209 568 cummaxime
224 528 328 568 facientia.
359 526 450 567 Perinde
471 528 528 566 enim
549 541 574 567 ac
595 528 652 580 prius
669 528 784 566 sententiae
804 529 893 568 incisum
914 533 961 582 apte
979 509 1062 567 arurerat

71 606 146 647 addito
162 608 201 647 illo
217 600 295 664 ζητοῦσι
312 606 376 660 (quasi
390 612 495 658 exoptatum
510 610 581 658 aliquid
593 612 633 645 toto
647 609 708 645 animo
722 610 860 655 appetentibus,
873 611 898 647 ef.
910 613 951 648 Act.
962 611 1010 656 Xlll,
1023 610 1062 654 48),

6 707 9 712 ·
71 685 115 727 hoc
132 700 193 726 sensu
209 686 326 740 participii:
345 685 466 742 siqnidem,
481 686 672 741 quandoquidem,
692 684 766 724 itidem
781 685 804 724 in
820 687 924 727 conformi
940 688 1005 728 altero
1020 686 1063 726 hoc

71 764 130 804 facit.
164 764 212 803 nEt
228 765 325 817 quoniam
340 765 423 805 veritati
444 766 506 818 [ipsis
523 765 595 820 divina
610 759 727 824 χρηστότητι
742 765 789 805 uel
804 766 902 815 oblatae]
923 767 1009 820 ingrati
1025 767 1063 805 ob-

72 843 166 895 sequium
188 843 321 897 denegarunt
341 849 362 883 et
380 857 477 897 perverse
499 844 630 900 contentiosi
648 844 741 882 maluere
756 841 870 899 injustitiae
886 844 1032 897 obtemperare
1041 858 1063 895 u,
1107 865 1109 869 ν

73 922 101 962 ob
117 922 141 963 id
156 923 226 976 ipsum
246 935 296 963 ecce
316 923 399 964 fervens
418 920 537 974 indignatio
555 924 576 958 et
592 919 768 960 excandescentia
782 920 857 970 ΒΜ)
878 943 908 951 -
927 921 975 961 Jam
991 936 1064 976 perso-

72 1006 135 1041 nante
151 1001 195 1055 ejus
212 1003 304 1041 animum
318 1002 367 1042 loco
378 997 587 1049 Psamrttxxvlli,
601 997 637 1049 49,
652 999 746 1051 ipsorum
758 1000 911 1052 pertinacium
923 999 1064 1054 Jndneornnr

73 1080 186 1134 vituperio,
202 1094 227 1120 ac
235 1080 330 1119 ¹fervente
342 1078 416 1132 spiritu
432 1080 459 1124 (v.
469 1075 494 1129 9)
512 1075 611 1129 subjecit,
628 1090 681 1129 quae
692 1075 789 1128 Asaphus
801 1089 865 1130 porro
877 1078 960 1117 cecinit.
991 1079 1065 1120 Voluit

75 1162 145 1198 autem
161 1158 276 1210 simplicius
297 1161 317 1195 et
337 1156 364 1195 ad
383 1169 428 1195 rem
448 1155 568 1205 efficacius,
590 1150 649 1207 quod
664 1168 697 1193 res
713 1158 754 1205 est,
776 1167 910 1208 expromere,
931 1156 991 1195 nullo
1007 1159 1065 1210 quasi

74 1235 161 1291 oblique
181 1234 313 1275 «Iudaeorum
332 1233 412 1274 indicio
431 1233 494 1273 facto.
538 1232 629 1272 Concise
648 1233 714 1286 igitur
735 1232 882 1287 g1·aviterque,}
901 1239 999 1287 tanquam
1018 1237 1065 1278 vice

71 1313 165 1367 judicis,
188 1312 344 1352 afflictationem
363 1311 507 1364 angustiasque
527 1310 647 1362 denuntiat,
670 1311 769 1350 nimirum
788 1312 880 1364 primum
901 1312 997 1364 Judaeo,
1020 1318 1065 1354 tum

73 1392 160 1432 Helleni
176 1404 271 1445 quoque,
292 1390 357 1430 cuivis
373 1390 474 1444 opernnti
489 1390 586 1435 rnatum
607 1389 699 1428 vicissim
714 1388 805 1442 gloriam
819 1388 871 1440 Dei,
893 1395 914 1429 et
929 1390 1013 1430 laudem
1029 1405 1066 1431 vo-

75 1472 219 1525 luptatemque
231 1473 366 1523 perpetuam,
380 1479 455 1520 pacem
467 1466 560 1519 denique
576 1466 701 1516 coelestem,
718 1465 812 1505 omnium
819 1467 982 1520 pecuniosorum
998 1476 1066 1522 caput,

76 1549 159 1604 [Hebr.
174 1547 211 1599 IV,
230 1547 259 1600 9)
279 1547 391 1600 pollicetur
412 1545 475 1585 cuivis
497 1544 578 1584 bonnm
594 1544 711 1599 operanti3
739 1544 769 1582 ita
789 1550 812 1584 ut
827 1544 881 1585 haec
896 1559 980 1600 quoque
995 1548 1067 1589 salutis

77 1627 181 1682 possessio
202 1640 238 1666 suo
255 1630 275 1664 et
290 1625 379 1665 naturali
395 1623 468 1664 ordine
489 1621 606 1661 adudaeis
619 1621 720 1674 incipiat,
742 1622 919 1674 comprehensura
934 1637 1005 1664 omnes
1021 1629 1067 1666 toto

79 1706 131 1746 orbe
146 1704 187 1744 Dei
201 1703 264 1744 filios.
294 1702 347 1743 Nam
362 1703 405 1742 hoc
421 1700 505 1754 quidem
521 1700 602 1740 nemini
617 1699 706 1739 dubium
722 1700 771 1750 erit,
793 1701 826 1740 vel
840 1701 942 1742 Paulinae
958 1702 1067 1744 doctrinae

78 1784 113 1825 vel
128 1783 249 1837 graecitatis
265 1781 336 1822 indole
351 1793 459 1835 perpensa,
475 1772 499 1819 ad
509 1768 682 1836 κατεργάζετθοω
698 1791 741 1817 uon
751 1777 778 1817 de
790 1779 878 1833 singulis
889 1780 953 1820 modo
967 1781 1068 1834 aliquibus

78 1863 197 1904 actionibus
214 1861 265 1913 (lici,
281 1860 319 1900 sed
335 1861 361 1900 de
372 1863 473 1914 perpetuo
486 1860 542 1899 vitae
557 1862 630 1896 tenore
643 1856 738 1910 adeoque
751 1856 778 1896 de
789 1858 857 1898 solido
870 1860 934 1898 animi
946 1858 1069 1899 affectuum-

80 1956 120 1995 que
135 1941 236 1981 instituto.
282 1938 343 1980 Nunc
358 1943 464 1978 autemst
479 1930 580 1988 ababli,
601 1935 623 1974 lr.
638 1949 655 1975 e.
670 1935 799 1974 voluntatem
814 1935 865 1987 Dei,
887 1950 948 1977 nemo
962 1937 1026 1977 homo
1043 1953 1069 1979 ex

79 2020 154 2060 intimo
168 2022 254 2071 pectore
271 2016 346 2070 diliget
362 2017 422 2069 eique
437 2014 581 2068 perficiendae
603 2027 624 2054 se
645 2017 714 2053 totum
735 2015 877 2067 consecrabit,
903 2016 971 2063 [adeo
987 2021 1010 2056 ut
1025 2018 1068 2058 lroc

81 2100 150 2141 solum
165 2111 244 2138 murras
258 2096 312 2137 vitae
328 2101 389 2149 atque
405 2108 459 2149 opus
474 2108 523 2134 vere
539 2093 667 2144 existimet),
688 2093 729 2132 nisi
748 2093 783 2145 qui
802 2105 840 2147 per
854 2093 919 2134 fidem
935 2095 1021 2136 christo
1036 2097 1069 2136 in-

82 2181 134 2220 situs
155 2177 231 2224 [Rom.
245 2173 363 2214 Vr—Vllr,
386 2174 413 2213 cf.
429 2171 474 2213 Col.
488 2172 506 2223 l,
523 2170 565 2219 14]
593 2157 666 2225 tege'm
685 2169 730 2209 Dei
750 2170 822 2211 arriano
843 2172 976 2228 trasonlptam
994 2181 1069 2230 gerat.

80 2259 159 2311 Neque
171 2256 191 2295 ei
206 2255 237 2294 rei
252 2254 294 2293 hoc
309 2257 398 2306 pugnat,
417 2251 474 2304 quod
490 2265 517 2290 ne
533 2250 549 2289 ii
565 2247 652 2302 quidem
667 2247 751 2286 interim
766 2248 867 2289 immunes
883 2250 1071 2310 deprehenduntnr

80 2334 192 2391 peccandi.
223 2330 328 2384 Injustitia
343 2331 398 2370 enim
412 2326 616 2370 nondorninaditur
631 2326 693 2366 nobis
709 2326 731 2366 in
747 2326 874 2382 dics'magis
889 2329 991 2369 tollenda.
1021 2330 1070 2385 Ipse

82 2440 328 2457 Μ

104 2514 116 2552 q
131 2508 231 2543 Nominalivi
241 2505 291 2539 nolim
300 2508 316 2536 tc
327 2503 413 2537 offendant.
436 2503 507 2536 Nomina
518 2503 570 2543 euim,
588 2513 629 2545 qum
641 2512 671 2535 acu
684 2512 718 2535 rom
729 2499 822 2544 tangerent,
837 2492 905 2552 &spada
921 2509 937 2536 ct
951 2492 1009 2559 dpyd,
1025 2517 1071 2543 eraut

165 2570 208 2609 palia,
219 2578 261 2611 quae
272 2575 308 2599 curu
320 2550 420 2602 daedalon
432 2568 497 2607 noctura
508 2563 537 2596 vir
547 2563 609 2597 liceret.
630 2564 670 2596 Tum
682 2562 766 2596 solemius
773 2561 808 2602 jam
819 2562 883 2597 ellertur
893 2574 927 2597 vox
938 2565 991 2600 Pauli.
