2250 2884
164 158 165 185 i

61 209 104 250 sive
124 207 175 247 ritus
195 217 303 246 sacrorum
324 206 345 239 et
365 197 507 238 caeremonias
528 201 659 249 spectarent,
680 195 760 248 pariter
781 196 822 236 sibi
838 195 929 236 colenda
946 202 967 237 et
983 198 1059 240 eodem

60 288 109 329 loco
125 285 225 331 habenda
240 291 283 329 esse
298 277 462 318 arbitrabantur
506 274 651 315 Temerarium
667 275 724 314 enim
739 287 764 314 ac
780 275 869 316 difficile
884 277 1008 329 videbatur,
1027 291 1058 330 ea,

61 380 115 420 qnae
132 365 203 407 divino
219 361 316 412 instituto
334 363 355 398 et
371 356 455 396 assidua
470 354 617 395 observatione
630 367 693 394 unum
702 353 810 406 quiddam
827 359 848 393 et
862 360 928 396 totum
940 356 1058 409 efficerent,

60 460 100 500 pro
116 443 203 485 arbitrio
222 438 329 479 divellere.
370 435 444 488 Itaque
459 433 505 488 legi
520 434 636 486 ritibusque
653 438 711 475 certo
726 433 862 487 praescriptis
879 434 937 488 apud
952 449 998 488 eos,
1021 437 1058 489 qni

60 526 87 565 ab
104 521 223 575 originibus
238 515 413 557 reiehristianae
434 527 460 554 en
476 512 564 554 Judaeis
580 511 666 553 Christo
686 525 708 552 se
724 511 858 565 addicerent,
879 526 938 553 suum
952 513 1057 556 honorem

59 602 156 644 rnansisse
171 597 272 639 videmus.
313 594 388 648 Neque
403 595 426 634 in
440 607 465 633 eo
482 592 533 633 Jesu
551 591 670 632 doctrinam
685 590 720 631 vel
736 591 864 645 exemplum,
887 606 955 645 neque
971 599 1057 647 aposto·

58 683 127 720 lorum
142 653 326 731 quemquamqne
341 674 433 713 Paulum
448 670 552 724 quidem)
572 671 614 712 sibi
629 675 770 724 repugnantes
785 670 901 723 habebant.
940 670 980 711 Ille
1000 674 1057 713 enim

59 771 102 799 nou
121 758 188 812 magis
210 755 237 795 de
257 765 366 800 sacrorum
387 752 456 791 forma
476 763 538 802 quam
559 749 586 789 de
601 750 695 801 partibus
714 750 767 789 vitae
783 750 922 791 exterioribus
938 750 1056 804 quidquam

57 837 108 877 novi
126 834 272 889 praescribere
292 830 374 881 voluit,
396 829 426 869 sni
452 828 539 882 spiritns
561 827 634 869 ductui
657 834 719 882 atque
739 828 792 870 adeo
811 829 943 890 temporibus
965 831 1054 873 coelitus

58 914 158 969 regendis
180 913 207 952 de
229 911 287 958 omni
314 909 482 950 conformatione
502 908 558 948 vitae
583 907 694 960 cultusque
716 908 849 947 consentanei
874 915 932 948 certo
953 910 1054 952 confisus·

57 992 119 1032 Nihil
134 992 200 1046 igitur
211 989 352 1051 prohibebat,
369 988 480 1040 quominus
497 983 514 1026 'vi
527 983 553 1026 ἐκ
563 978 666 1045 περιτομῆς
683 984 798 1025 Christiani
815 998 862 1024 cum
876 984 920 1025 fide
935 987 958 1026 in
968 987 1053 1031 Christo

58 1084 145 1125 prorsus
168 1067 284 1122 defigenda
309 1072 330 1106 et
350 1064 444 1117 pectoris
464 1078 504 1118 per
527 1077 573 1104 eam
598 1063 724 1104 defaecandi
744 1062 814 1104 studio
835 1064 920 1103 interim
937 1064 1054 1121 jungerent

57 1150 127 1201 prisca
142 1148 179 1204 illa
194 1146 229 1187 vel
244 1144 353 1192 involucra
368 1143 453 1196 pictatis
467 1142 502 1183 vel
514 1141 649 1183 adminicula.
679 1141 758 1182 Verum
771 1143 877 1182 enimvero
888 1145 979 1185 maxime
991 1153 1054 1201 atque

58 1227 121 1267 unice
143 1226 187 1266 hoc
208 1225 319 1273 intererat,
340 1235 382 1273 quo
404 1221 428 1261 id
448 1222 518 1262 animo
540 1221 606 1262 fieret.
650 1220 711 1260 Nihil
731 1220 787 1259 eninr
806 1232 831 1260 ea
850 1222 873 1261 in
893 1235 916 1261 re
935 1224 977 1263 nisi
997 1225 1053 1267 illud

57 1304 208 1361 quaerebqtur‚
229 1315 274 1355 quai
285 1302 376 1354 ‘quisque
390 1302 425 1341 via
439 1307 577 1354 peccatorum
592 1301 675 1341 veniam
690 1313 712 1340 se
727 1300 887 1353 impetraturum
903 1314 953 1342 esse.
962 1302 1052 1358 Deoque

58 1383 172 1442 probatum
192 1382 219 1422 iri
238 1381 362 1422 confideret.
402 1381 476 1431 ⁴Quod
496 1382 514 1421 si
534 1382 579 1434 quis
595 1393 681 1420 snorum
696 1380 791 1432 legitime
809 1380 915 1420 factorum
930 1381 1011 1423 fiducia
1026 1399 1052 1427 ac

56 1462 176 1516 praeceptis
196 1474 279 1501 morum
300 1459 408 1501 servandis
428 1461 496 1500 nitens
517 1458 545 1499 ad
563 1459 690 1512 promissam
709 1457 809 1497 Abrahae
831 1472 843 1497 a
861 1458 907 1498 Deo
927 1460 1051 1508 beatitatem

57 1542 180 1594 adspiraret,
195 1541 213 1581 is
228 1539 342 1593 repudiato
359 1539 448 1583 Christo
463 1539 538 1579 Sotere
553 1550 578 1577 ac
593 1535 637 1576 fide
652 1536 712 1590 parvi
726 1549 793 1589 pensa
808 1536 896 1577 salutem
910 1540 953 1580 sibi
970 1555 1050 1596 suoque

30 1646 34 1656 .
56 1619 132 1663 merito
148 1624 263 1672 ,acceptam
285 1618 375 1659 ferebat.
420 1618 493 1671 Neque
514 1617 530 1656 is
550 1616 618 1668 ipsam
638 1615 710 1668 legem
729 1628 769 1668 per
784 1614 860 1656 Mosen
875 1618 976 1659 sancitam
991 1625 1050 1661 recte

55 1698 176 1746 aestimasse
188 1710 290 1749 suumque
312 1697 332 1736 ei
347 1697 451 1737 honorem
471 1695 568 1735 tribuisse
581 1680 695 1746 'putandus
715 1699 753 1733 est.
794 1694 868 1744 Quid?
888 1696 931 1736 sive
953 1697 1050 1740 Judaeus

55 1775 128 1816 adhuc
151 1788 178 1827 ,en
201 1775 291 1829 pristino
316 1775 411 1815 instituto
430 1780 498 1824 esset,
525 1774 569 1812 sive
590 1771 675 1812 Christo
700 1785 777 1812 nomen
801 1772 905 1827 dedisset,
931 1776 958 1817 de
982 1779 1049 1833 legali

56 1865 94 1892 sua
116 1854 230 1908 disciplina
253 1854 339 1894 sibimet
363 1853 409 1907 ipse
431 1852 554 1906 pugnabat,
579 1857 602 1891 ut
622 1864 666 1891 non
691 1858 763 1905 posset
786 1854 861 1907 magis.
908 1855 967 1904 Quid
992 1859 1049 1899 enim

23 1975 24 1978 Ἴ
57 1932 151 2001 repetita,
170 1933 208 1972 illa
233 1938 254 1973 et
268 1949 269 1976 t
284 1934 406 1973 continuata
436 1930 540 1971 sacrificia
566 1935 627 1984 atque
657 1932 746 1971 crebrae
772 1931 904 1973 lustrationes
929 1934 1049 1979 clamabant

55 2008 122 2060 alind,
138 2023 201 2061 quarn
210 2024 285 2051 vanam
298 2025 342 2051 esse
353 2023 436 2049 onmem
445 2008 537 2048 hominis
554 2008 581 2048 de
594 2009 635 2048 suis
647 2010 748 2062 operibus
757 2011 879 2064 meritisque
890 2012 1047 2068 confidentiam,

55 2093 119 2140 atque
138 2101 149 2127 a
170 2088 213 2128 sola
228 2089 270 2129 Dei
292 2091 361 2144 gratia
380 2102 421 2143 pro
440 2086 548 2127 eomodo
568 2092 629 2140 atque
650 2087 736 2140 ordine,
758 2102 800 2141 quo
820 2091 867 2143 ipse
888 2092 930 2132 sibi
950 2093 1047 2138 immines

55 2166 189 2226 reconciliari
204 2168 274 2220 vellet,
290 2169 393 2209 submisse
408 2173 429 2207 et
445 2166 571 2219 suppliciter
587 2167 732 2219 impunitatem
748 2181 793 2216 esse
806 2169 974 2222 impetrandam?
1001 2173 1046 2214 Lex

55 2246 112 2286 euim
137 2246 227 2286 maxime
255 2247 302 2300 ipsa
326 2247 383 2288 diras
410 2247 525 2300 unicuique
550 2245 709 2297 denunciando,
736 2248 772 2299 qui
797 2262 840 2288 non
861 2252 960 2291 omnibns
981 2252 1046 2305 jussis

56 2324 134 2366 divinis
147 2327 239 2385 gintegre
261 2331 282 2366 et
302 2339 328 2366 ex
349 2327 420 2367 anirno
441 2325 577 2376 satisfecerit,
597 2337 646 2364 eum
667 2330 748 2366 tantum
774 2327 861 2367 salutem
881 2343 918 2369 suo
938 2330 978 2369 sibi
996 2330 1047 2384 jure

54 2415 118 2456 posse
133 2407 242 2468 vindicare
257 2404 378 2459 praedicat,
399 2405 416 2444 si
433 2406 479 2457 quis
496 2417 517 2444 se
533 2416 639 2456 nunquam
655 2404 681 2443 ab
698 2405 725 2445 iis
741 2403 868 2457 discessisse,
884 2418 909 2445 ne
925 2409 1048 2459 appetendo

55 2479 148 2533 quidem,
165 2484 206 2523 sibi
222 2484 249 2524 sit
263 2484 359 2524 conscius
376 2481 414 2536 [of.
429 2481 497 2524 Levit.
513 2482 598 2534 XVIII,
614 2481 639 2531 53
656 2483 706 2522 item
723 2482 803 2525 Christi
816 2484 882 2523 verba
896 2481 924 2522 de
935 2484 1048 2537 saciando

58 2559 174 2601 sciscitanti
190 2561 276 2602 cuidam
292 2562 355 2615 plane
375 2559 432 2601 idem
453 2560 619 2615 respondentis).
656 2561 741 2611 'Quibus
761 2561 838 2605 auditis
853 2560 893 2601 Dei
916 2565 1006 2605 oraculis
1026 2567 1048 2607 in
