2250 2884
2 274 4 278 f
63 226 146 282 justitia
161 229 234 282 utique
249 230 308 270 unias
323 224 364 267 Dei
379 228 411 267 sit.
449 225 565 279 Propterea
585 225 627 266 hoo
647 225 916 266 summamdooumentnm
930 225 1026 280 gratioe
1042 230 1063 265 et

65 307 234 360 misericordiae
245 305 385 360 praedicant,
407 303 466 358 quod
481 304 536 344 Deras
552 311 634 345 sanctus
651 305 738 359 impuris
750 303 877 345 hominbus
897 308 967 351 [sensu
983 304 1064 357 quippe

1 388 4 442 j
64 390 202 435 peccatorum
216 383 319 435 percuisis
336 387 356 422 et
373 382 405 422 illi
420 381 546 435 fidentibus)
568 396 632 423 suum
648 383 759 438 impertiri
770 380 884 434 justitiam
900 396 942 422 non
958 383 1064 437 dedigna-

1 444 4 460 ἶ
65 466 105 503 tur.
139 463 214 514 Neque
230 459 313 499 aliunde
329 460 440 512 quisquam
456 461 550 501 nancisci
566 474 612 501 eam
627 463 711 515 poterit.
742 461 768 500 In
782 461 826 503 hoc
842 466 923 513 autem,
939 462 995 514 qnod
1004 462 1062 502 Deus

65 541 148 594 injustis
161 540 268 593 justitiam
277 553 333 579 snam
350 542 370 578 et
385 538 429 578 fide
441 539 521 580 sincera
537 540 596 592 quasi
608 544 700 580 nostram
715 534 776 579 nobis
792 539 953 581 adsciscendum
967 542 1063 593 praebet,

3 606 5 610 ¹
66 624 86 658 et
101 631 149 658 vere
165 617 314 670 perspiritum
325 630 384 657 suarm
399 616 514 657 fidentibus
531 621 552 656 et
564 619 712 670 appetentibus
727 617 838 669 informat,
855 618 885 657 ita
900 623 923 657 nt
940 630 965 657 ex
979 617 1062 671 injustis

2 736 5 741 ,
63 698 115 750 justi
131 697 221 748 fiamus,>
237 698 305 750 ipsum
324 695 384 735 adest
399 707 490 747 regnum
505 694 553 734 Dei'
567 695 605 742 [of.
623 695 700 735 Matth.
714 694 749 745 Vl,
765 695 810 745 33).
851 696 914 736 Hane
931 710 976 736 esse
991 709 1062 736 veram

65 776 210 828 receptionem
229 780 256 815 et,
269 774 419 826 adoptionem,
441 785 512 812 omnes
531 773 649 826 prophetae
664 777 771 813 testantur.
806 775 879 827 Neque
898 788 948 815 vero
969 776 1062 829 graviter

3 865 5 879 ³
66 855 133 894 minus
148 857 194 893 toto
211 852 320 893 doctrinae
335 855 409 889 tenore
425 849 481 889 illud
496 850 615 901 inculcant,
638 851 735 903 principe
752 851 800 892 loco
818 858 839 892 et
854 854 912 905 quasi
928 854 1061 894 fundamenti

2 980 5 989 ἶ
66 933 130 972 instar
151 945 175 970 ea
191 931 236 982 ipsa
250 929 273 968 in
288 941 350 968 causa
365 927 486 967 habendam
506 941 550 967 esse
570 928 652 967 veniam
671 930 801 981 gratiamque
823 930 949 970 delictorum
969 933 1060 980 faotam3
1098 942 1099 945 ’

1 993 5 1051 i
65 1023 133 1063 neque
148 1008 213 1048 ullam
230 1007 372 1048 accessionem
383 1007 416 1046 ed
425 1006 496 1046 Deum
508 1004 632 1057 divinaeque
644 1004 738 1058 justitiae
753 1006 849 1047 fructum
862 1008 924 1048 nobis
937 1010 1061 1063 contingere

3 1119 5 1134 ,
65 1100 139 1141 posse,
156 1087 195 1126 nisi
210 1086 335 1138 impunitate
351 1084 501 1132 [remissione]
521 1088 542 1123 et
557 1084 668 1136 impetrata
683 1085 747 1125 semel
766 1091 787 1125 et
804 1087 1060 1139 continuoimpetranda.

66 1165 113 1205 Hae
131 1164 184 1204 duae
199 1167 282 1216 partes,
298 1175 349 1214 quas
364 1160 431 1201 hodie
446 1165 530 1213 praeter
545 1166 640 1201 naturam
655 1163 685 1201 rei
701 1168 722 1201 et
736 1164 847 1203 veritatem
864 1165 995 1217 distrahunt,
1016 1180 1061 1206 ma-

2 1223 5 1285 i
66 1245 132 1296 gistra
146 1242 250 1293 scriptura
264 1252 333 1290 saera,
348 1252 433 1291 prorsus
449 1251 517 1278 unum
528 1238 627 1291 idemque
643 1239 744 1280 efficiunt.
782 1241 854 1294 Atque
869 1242 924 1283 haee
940 1243 967 1282 de
983 1257 1062 1297 genere

67 1325 99 1362 est
110 1311 121 1367 ai
133 1310 282 1365 denotandae
292 1310 354 1356 θεοῦ
363 1308 511 1373 μαρτυρουμένη
522 1308 563 1357 riori
571 1312 604 1357 rai
613 1311 670 1371 ,νόμον
680 1312 713 1368 aq)
721 1311 758 1358 noir
767 1312 872 1377 προφητῶν
882 1320 955 1374 [Rom.
965 1320 1002 1372 ΙΙΙ,
1012 1321 1065 1376 21),

2 1382 5 1455 Ξ
67 1391 177 1445 driusandan
193 1390 215 1437 dd
229 1388 278 1436 &aad
292 1387 330 1435 ola
341 1386 423 1438 πίσπως
436 1382 494 1441 Ιήσσῦ
509 1388 595 1453 Χρισπῦ,
633 1395 709 1434 Veram
725 1395 781 1435 enim
797 1400 818 1434 et
833 1397 937 1450 integram
954 1401 1060 1441 ornnibus-

69 1491 110 1531 que
125 1476 215 1517 nnmeris
230 1474 344 1513 absolutam
352 1471 468 1525 justitiam,
482 1486 523 1513 uno
538 1476 603 1514 verbo
617 1484 694 1520 aarum,
709 1471 731 1510 in
740 1484 763 1510 re
774 1472 872 1525 positam,
887 1473 944 1516 Deus
954 1469 1060 1536 {reditium

67 1554 98 1602 [h.
109 1568 126 1594 e.
136 1552 242 1602 exhibuit]
258 1552 281 1591 in
292 1550 376 1596 Christo
391 1556 412 1590 et
424 1551 469 1591 filio
484 1563 522 1591 suo
537 1556 558 1591 et
568 1550 657 1592 homine
669 1548 719 1603 (ΙΙΙ,
728 1548 757 1589 25
768 1564 783 1590 s.
799 1550 825 1602 V,
841 1550 870 1592 15
886 1552 920 1606 s),
937 1568 962 1595 ex
978 1557 1015 1596 ilio
1032 1559 1059 1598 ael

66 1646 104 1673 nos
119 1632 208 1671 fidentes
222 1629 393 1670 redundaturum,

4 1760 6 1766 Α
166 1707 195 1747 At
210 1708 227 1747 si
243 1706 448 1759 denique'quaeras,
468 1707 542 1760 quibus
557 1707 612 1745 notis
632 1707 679 1759 ipsa
697 1707 795 1748 illa'Dei
813 1710 895 1763 justitia
911 1714 933 1753 in
951 1717 1013 1756 nobis
1033 1718 1061 1757 ad

3 1766 6 1824 i
67 1790 160 1827 nostram
179 1783 303 1837 injustitiam
325 1783 467 1824 amoliendam
488 1785 638 1838 conspiciatur,
660 1785 807 1837 etquomodo
826 1789 925 1830 virtutem
945 1806 1060 1836 stramen-

69 1871 132 1913 serat,
155 1878 167 1902 a
185 1868 264 1903 nostre
281 1862 362 1915 justitia
380 1863 444 1915 plane
465 1862 578 1914 diversam,
599 1876 642 1902 non
656 1864 723 1904 amous
742 1864 817 1905 audire
835 1871 933 1909 convenit
952 1870 1060 1932 propropter

66 1940 224 1995 prophetarum.
256 1940 359 1980 Jeremias
375 1946 445 1980 autem
459 1941 539 1993 XXXI,
554 1942 593 1982 33:
609 1941 658 1982 Hoc
675 1942 731 1983 illud
746 1949 780 1983 est
790 1936 890 1997 foedae,
907 1949 985 2003 inquit,
1002 1957 1061 2008 quod

2 2016 3 2020 ’
64 2032 169 2074 porigam
184 2030 234 2057 eum
247 2018 310 2058 domo
321 2018 419 2059 Israelis
431 2024 484 2076 poet
501 2019 548 2060 dies
564 2018 615 2060 iios:
631 2018 707 2059 indum
723 2020 797 2074 legem
813 2035 886 2064 eneam
901 2030 1060 2074 naereticorum

69 2103 90 2138 et
106 2096 170 2136 cordi
185 2095 398 2136 coronamentum
414 2109 476 2145 ecana,
493 2101 514 2136 et
530 2110 568 2137 ero
585 2097 617 2137 eie
627 2096 690 2137 Deae
706 2101 727 2136 ot
743 2098 787 2150 ipsi
803 2106 870 2140 erunt
879 2105 979 2158 popualus
992 2123 1058 2151 meurs.

70 2174 108 2229 [cf.
123 2185 177 2213 omn.
193 2185 211 2211 v.
225 2171 271 2220 34).
311 2172 416 2212 Ezechiel
431 2179 498 2213 antem
510 2173 608 2225 XXXVI,
624 2173 658 2213 26.
671 2173 711 2214 27:
727 2173 757 2214 Et
773 2175 831 2217 auto
848 2179 910 2221 votis
926 2196 965 2224 cor
980 2200 1059 2228 tronum

3 2242 7 2275 Ξ
69 2259 91 2294 et
107 2252 209 2307 spiritum
223 2262 304 2290 novum
316 2263 401 2303 porrum
417 2251 439 2292 iu
446 2257 539 2306 pectore
556 2265 630 2293 eorum
646 2253 687 2298 [oi.
697 2251 803 2303 21-28).
820 2259 851 2286 ’-
866 2256 911 2298 Nec
927 2261 994 2302 aliae
1008 2277 1060 2316 pm.

3 2328 6 2392 Ξ
68 2331 155 2383 phetico
167 2342 228 2369 sensu
240 2328 316 2367 dicitur
326 2327 393 2367 Paulo
403 2327 488 2380 justitia
497 2328 545 2380 Dei,
562 2331 639 2383 quippe
652 2331 685 2370 cni
695 2343 773 2371 novum
784 2332 873 2386 aliquod
883 2336 983 2390 loquendi
995 2354 1061 2394 genus

4 2436 7 2444 a
70 2408 185 2459 excudere,
198 2408 304 2447 Romanos
317 2418 363 2444 suos
378 2406 503 2458 simpliciter
517 2407 662 2460 compellanti,
676 2421 702 2446 ne
716 2408 738 2447 in
752 2414 844 2450 mentem
859 2413 944 2465 qnidem
957 2421 1045 2462 venerit.

168 2484 230 2539 illam
245 2498 294 2524 vero
308 2483 411 2538 justitiam
427 2484 489 2536 ipsius
501 2483 551 2534 Dei,
568 2485 597 2523 ait
612 2484 697 2536 Paulas,
715 2500 779 2539 qrmm
796 2489 903 2530 aliusnon
919 2497 1061 2549 conspiciatur·

70 2576 137 2616 ueqne
152 2561 223 2602 locum
239 2564 294 2603 inter
309 2562 405 2603 homines
420 2561 509 2613 habeat7
530 2576 586 2603 nune
602 2562 686 2603 tandem
703 2565 804 2608 revelari
823 2569 845 2606 in
861 2572 983 2625 evangelio,
1005 2577 1059 2617 ande

846 2646 860 2686 5
