2250 2884
63 209 181 250 innumeras
196 214 269 264 gentes
283 210 324 250 sive
339 208 461 250 rudessive
474 208 573 248 cultiores
585 206 613 247 ad
624 219 698 248 vanum
710 212 731 248 et
742 210 847 263 impurum
858 210 964 254 idolorum
976 214 1055 255 cultum
1112 195 1124 250 l

63 289 175 342 projectas.
206 289 240 330 Ab
256 290 302 343 ipso
319 302 358 329 usu
373 287 507 329 ethnicorum
524 288 626 328 crebriori
648 291 732 329 cautum
748 290 835 332 Judaeis
851 297 907 344 crat,
929 307 956 334 ne
976 294 1053 335 foedae
1116 280 1123 298 ³

65 367 216 422 superstitionis
233 372 254 409 et
268 368 372 422 nequitiae
388 367 489 421 contagio
499 366 645 407 afficerentur.

164 447 192 488 At
208 447 267 499 vide,
282 461 308 487 ne
322 447 375 489 hinc
389 451 469 488 temere
484 446 507 486 in
523 446 614 486 animum
629 445 729 498 inducas,
744 448 803 501 quod
813 450 872 490 multi
884 450 970 503 faciunt,
985 451 1053 492 Israe-

64 528 135 579 litam,
151 528 213 568 etiam
229 529 245 568 si
259 528 305 581 quis
320 527 376 582 legis
393 541 418 569 ac
432 525 585 581 prophetarum
605 525 720 578 genuinum
741 540 825 567 sensum
845 529 962 570 imbibisset
983 529 1052 584 (quod

65 608 121 647 certe
143 606 169 647 de
189 607 283 648 israelita
298 606 405 648 Christum
425 606 482 648 cruci
504 605 596 646 adfixum
617 609 744 657 agnoscente
762 607 889 661 concedes),
914 613 1051 662 tamaspero

64 688 152 741 iugenio
167 687 236 739 fuisse,
253 691 275 727 ut
289 691 363 741 gentes
378 688 441 727 totius
457 686 514 726 orbis
526 690 628 724 terrarum
644 684 771 734 execrandas
787 689 807 725 et
823 687 849 732 ab
862 687 919 726 omni
926 700 963 741 spe
975 687 1045 728 salutis

66 767 192 808 amovendas
204 768 330 820 opinaretur.
362 767 410 817 Quo
420 766 513 807 crimine
529 764 585 805 nihil
600 764 672 804 vanius
689 768 725 805 est.
755 764 828 818 Neque
845 778 891 805 eum
907 766 980 807 credes
996 766 1050 812 serio

66 845 178 897 dubitasse,
186 846 239 886 adeo
248 850 270 886 ut
276 846 346 886 multis
356 844 484 900 argumentis
495 857 521 884 ex
530 844 624 884 instituto
631 842 714 884 demum
719 844 852 899 probandrun
858 848 919 897 esset,
926 846 1051 899 alienigenis

65 938 146 978 quoque
161 930 252 966 mentem
263 939 311 966 ‘esse
326 925 379 966 recti
388 925 546 964 malivanatura
555 923 595 963 sibi
605 925 718 976 consciam,
736 939 771 966 eos
782 939 863 979 quoque
882 938 891 964 n
898 929 961 966 nocte
972 925 1049 979 dieque

63 1019 123 1051 suum
138 1008 221 1058 gestare
236 1006 258 1044 in
273 1009 359 1058 pectore
374 1008 448 1043 testem
454 1015 476 1053 t,
493 1002 551 1056 apud
566 1017 601 1043 eos
617 1004 680 1044 etiarn
696 1009 777 1045 exstare
794 991 890 1059 exempla
901 1007 1049 1059 continentiae,

64 1085 227 1136 beneficentiae,
249 1084 350 1134 caritatis,
376 1081 466 1135 denique
492 1080 645 1134 humanitatis,
662 1084 685 1122 in
705 1083 730 1123 iis
751 1097 832 1137 quoqne
852 1087 956 1126 rationem
981 1087 1050 1126 inesse

65 1165 152 1205 coelesti
172 1161 425 1218 veritatiagnosceudae
450 1160 554 1202 idoneam.
606 1164 671 1214 Quod
692 1164 731 1205 nisi
752 1169 826 1218 sponte
849 1179 876 1205 ne
896 1170 941 1206 tum
962 1167 1049 1220 quidem

64 1244 170 1295 sentirent,
186 1242 384 1297 quumquotidiana
395 1240 547 1282 consuetudine
560 1244 626 1284 omnis
637 1244 721 1297 generis
736 1244 847 1285 hominum
857 1246 976 1297 utebantur,
991 1246 1049 1298 ipsae

62 1335 135 1363 sacrae
154 1323 226 1362 literae
246 1325 266 1362 et
285 1321 383 1361 historiae
405 1320 449 1374 ejus
473 1320 513 1359 rei¹
527 1322 605 1375 passim
625 1322 690 1362 fidem
710 1322 822 1363 faciebant.
864 1323 908 1364 Sed
928 1324 983 1364 nihil
1004 1323 1049 1376 ejus

65 1402 200 1443 dubitationis
216 1405 264 1441 erat.
301 1399 374 1451 Quid?
395 1399 454 1453 quod
473 1398 532 1440 nullo
548 1414 639 1454 unquam
655 1414 705 1443 aevo
720 1401 797 1442 Judaei
816 1407 948 1454 recusarunt,
969 1402 1048 1455 quine

63 1482 174 1536 gentibus,
194 1480 265 1535 quiqui
280 1480 367 1531 vellent,
388 1478 488 1519 abdicata
503 1462 649 1532 superstitione
664 1484 685 1520 et
700 1485 790 1521 assumto
806 1481 847 1522 ritu
861 1481 916 1535 legis
932 1485 953 1520 et
969 1480 1048 1531 officio,

60 1560 131 1615 jurum
144 1561 236 1601 omnium
251 1572 275 1600 ae
285 1559 436 1600 beneficiorum
446 1570 494 1598 cum
503 1557 584 1611 populo
595 1556 635 1598 Dei
649 1557 750 1611 adoptivo
764 1559 879 1613 participes
889 1558 969 1599 fierent.
994 1558 1048 1597 Nam

68 1643 91 1682 in
105 1641 153 1681 hoc
165 1640 260 1694 quidem,
276 1638 333 1692 quod
346 1638 365 1678 ei
381 1637 455 1691 generi
470 1637 637 1691 proselytorum,
656 1637 714 1691 quod
733 1653 744 1678 a
760 1644 822 1692 porta
836 1638 910 1691 templi
927 1650 1047 1691 cognomen

66 1726 164 1776 duxerat,
186 1719 266 1777 aliquid
281 1718 364 1773 profani
384 1716 500 1756 adhaerere
516 1717 582 1756 visum
598 1721 639 1768 est,
660 1716 715 1756 nihil
735 1718 775 1757 nisi
796 1716 923 1763 israeliticae
938 1716 1048 1770 religionis

65 1807 100 1847 ad¹
109 1808 186 1846 certam
201 1812 295 1841 normam
310 1797 422 1838 adstrictae
438 1800 546 1851 comparet
560 1796 620 1836 ratio.
651 1796 721 1851 Atque
736 1796 844 1837 veritatem
853 1796 894 1835 Dei
909 1796 1047 1849 gratiamque,

67 1887 146 1940 quippe
164 1895 226 1936 quam
241 1892 279 1933 per
295 1876 440 1924 Abrahamum
461 1875 488 1916 ad
507 1879 671 1929 omnesgentes
690 1874 852 1929 propagandam
871 1887 896 1914 ex
915 1876 1047 1916 oraculorum

63 1980 116 2009 voce
142 1976 211 2004 ornnes
236 1960 323 2010 scirent,
347 1956 436 2012 jamjam
456 1956 565 2010 evangelio
588 1953 639 1995 Jesu
659 1953 739 1994 Christi
758 1967 831 1993 revera
858 1953 886 1993 ad
918 1954 1046 2009 alienigenas

63 2043 194 2094 redundare,
217 2038 330 2089 Israelitis,
355 2037 475 2089 quicunque
494 2034 550 2075 illud
569 2035 611 2088 ipsi
632 2033 723 2088 amplexi
738 2036 822 2084 essent,
858 2032 969 2074 offensioni
992 2033 1046 2074 adeo

64 2141 107 2169 non
123 2128 176 2175 erat,
191 2126 254 2163 ut‘ea
268 2133 291 2158 re
307 2118 439 2158 memorabili
455 2129 532 2157 nomen
550 2114 650 2178 Israelis,
662 2112 751 2154 rodium
767 2112 824 2153 orbis
840 2116 948 2166 terrarum,
955 2127 964 2153 u
983 2126 1046 2165 quam

5 2213 7 2217 ’
63 2207 154 2248 maxime
172 2198 315 2243 concelebrari
328 2196 376 2251 jure
391 2195 516 2251 gauderent.
544 2194 606 2249 (Luc.
616 2193 644 2246 II,
654 2192 696 2232 ¹32.
713 2191 821 2244 Joan.IV,
837 2191 872 2233 22.
889 2193 936 2233 Act.
946 2192 982 2232 XI.
998 2190 1044 2244 18.)

64 2288 107 2330 Sed
117 2290 141 2327 ut
155 2297 180 2324 ea
188 2295 221 2322 res
235 2278 290 2320 nihil
304 2291 343 2332 per
356 2290 376 2318 se
393 2276 485 2317 invidiae
502 2275 597 2324 haberet,
614 2272 698 2312 omnino
716 2275 792 2323 tamen,
808 2285 860 2324 quae
876 2271 986 2311 hominum
1002 2276 1046 2310 erat

63 2365 198 2422 perversitas,
220 2358 277 2401 hand
297 2358 379 2398 levibus
396 2356 558 2398 difficultatibus
577 2352 661 2392 turbata
682 2350 728 2391 fuit.
775 2351 834 2401 Quae
850 2348 936 2402 quidem
952 2361 977 2388 ex
992 2349 1045 2390 falsa

63 2447 118 2500 legis
138 2444 193 2484 illius
217 2438 359 2481 aestimatione
384 2436 530 2489 nascebantur.
575 2431 629 2471 Nam
653 2430 711 2484 quod
738 2430 829 2471 divinam
854 2428 874 2466 ei
899 2428 1044 2468 auctoritatem

62 2525 141 2568 Judaei
152 2522 279 2570 asserebant,
295 2517 318 2558 id
335 2514 421 2570 quidem
433 2514 610 2571 jure'faeiebanh
626 2524 692 2565 neque
707 2510 730 2550 in
746 2522 771 2549 eo
788 2506 888 2562 culpandi
903 2511 971 2559 erant,
987 2505 1044 2560 quod

61 2607 137 2650 omnia
146 2603 200 2658 legis
210 2596 330 2657 praecepta,
346 2598 389 2639 sive
400 2596 428 2637 ad
439 2609 507 2637 mores
519 2593 676 2648 componendos
688 2590 799 2665 civiliaque,
808 2589 901 2631 instituta
908 2589 1044 2644 pertinerent,
