<?xml version="1.0" encoding="UTF-8"?>
<!DOCTYPE html PUBLIC "-//W3C//DTD XHTML 1.0 Transitional//EN"
    "http://www.w3.org/TR/xhtml1/DTD/xhtml1-transitional.dtd">
<html xmlns="http://www.w3.org/1999/xhtml" xml:lang="en" lang="en">
 <head>
  <title>
</title>
<meta http-equiv="Content-Type" content="text/html;charset=utf-8" />
  <meta name='ocr-system' content='tesseract 3.04.00' />
  <meta name='ocr-capabilities' content='ocr_page ocr_carea ocr_par ocr_line ocrx_word'/>
</head>
<body>
  <div class='ocr_page' id='page_1' title='image "MN41485ucmf_4_0021.png"; bbox 0 0 2250 2884; ppageno 0'>
   <div class='ocr_carea' id='block_1_1' title="bbox 484 89 1048 94">
    <p class='ocr_par' dir='ltr' id='par_1_1' title="bbox 484 89 1048 94">
     <span class='ocr_line' id='line_1_1' title="bbox 484 89 1048 94; baseline 0 0"><span class='ocrx_word' id='word_1_1' title='bbox 484 89 1048 94; x_wconf 95' lang='lat' dir='ltr'> </span> 
     </span>
    </p>
   </div>
   <div class='ocr_carea' id='block_1_2' title="bbox 484 88 1040 97">
    <p class='ocr_par' dir='ltr' id='par_1_2' title="bbox 484 88 1040 97">
     <span class='ocr_line' id='line_1_2' title="bbox 484 88 1040 97; baseline 0 0"><span class='ocrx_word' id='word_1_2' title='bbox 484 88 1040 97; x_wconf 95' lang='lat' dir='ltr'> </span> 
     </span>
    </p>
   </div>
   <div class='ocr_carea' id='block_1_3' title="bbox 484 92 1048 97">
    <p class='ocr_par' dir='ltr' id='par_1_3' title="bbox 484 92 1048 97">
     <span class='ocr_line' id='line_1_3' title="bbox 484 92 1048 97; baseline 0 0"><span class='ocrx_word' id='word_1_3' title='bbox 484 92 1048 97; x_wconf 95' lang='lat' dir='ltr'> </span> 
     </span>
    </p>
   </div>
   <div class='ocr_carea' id='block_1_4' title="bbox 136 87 1048 108">
    <p class='ocr_par' dir='ltr' id='par_1_4' title="bbox 136 87 1048 108">
     <span class='ocr_line' id='line_1_4' title="bbox 136 87 1048 108; baseline 0 0"><span class='ocrx_word' id='word_1_4' title='bbox 136 87 1048 108; x_wconf 95' lang='lat' dir='ltr'> </span> 
     </span>
    </p>
   </div>
   <div class='ocr_carea' id='block_1_5' title="bbox 48 1027 1052 1909">
    <p class='ocr_par' dir='ltr' id='par_1_5' title="bbox 48 1027 1052 1909">
     <span class='ocr_line' id='line_1_5' title="bbox 49 1027 1052 1114; baseline -0.001 -12"><span class='ocrx_word' id='word_1_5' title='bbox 49 1027 103 1105; x_wconf 81' lang='lat' dir='ltr'>De</span> <span class='ocrx_word' id='word_1_6' title='bbox 120 1077 145 1104; x_wconf 89' lang='lat' dir='ltr'>ea</span> <span class='ocrx_word' id='word_1_7' title='bbox 155 1060 218 1102; x_wconf 87' lang='lat' dir='ltr'>Pauli</span> <span class='ocrx_word' id='word_1_8' title='bbox 235 1059 325 1113; x_wconf 87' lang='lat' dir='ltr'>epistola</span> <span class='ocrx_word' id='word_1_9' title='bbox 338 1055 477 1098; x_wconf 89' lang='lat' dir='ltr'>commentari</span> <span class='ocrx_word' id='word_1_10' title='bbox 492 1054 580 1108; x_wconf 84' lang='lat' dir='ltr'>placuit,</span> <span class='ocrx_word' id='word_1_11' title='bbox 597 1068 658 1109; x_wconf 89' lang='lat' dir='ltr'>quam</span> <span class='ocrx_word' id='word_1_12' title='bbox 674 1056 692 1096; x_wconf 88' lang='lat' dir='ltr'>si</span> <span class='ocrx_word' id='word_1_13' title='bbox 709 1056 755 1108; x_wconf 85' lang='lat' dir='ltr'>quis</span> <span class='ocrx_word' id='word_1_14' title='bbox 771 1058 840 1109; x_wconf 80' lang='lat' dir='ltr'>probe</span> <span class='ocrx_word' id='word_1_15' title='bbox 855 1057 969 1113; x_wconf 76' lang='lat' dir='ltr'>intelligat,</span> <span class='ocrx_word' id='word_1_16' title='bbox 984 1060 1052 1114; x_wconf 89' lang='lat' dir='ltr'>inquit</span> 
     </span>
     <span class='ocr_line' id='line_1_6' title="bbox 52 1132 1051 1193; baseline -0.003 -10"><span class='ocrx_word' id='word_1_17' title='bbox 52 1143 160 1193; x_wconf 80' lang='lat' dir='ltr'>Calvinus,</span> <span class='ocrx_word' id='word_1_18' title='bbox 173 1139 255 1181; x_wconf 84' lang='lat' dir='ltr'>aditum</span> <span class='ocrx_word' id='word_1_19' title='bbox 264 1139 305 1178; x_wconf 90' lang='lat' dir='ltr'>sibi</span> <span class='ocrx_word' id='word_1_20' title='bbox 316 1134 424 1190; x_wconf 83' lang='lat' dir='ltr'><strong>quendam</strong></span> <span class='ocrx_word' id='word_1_21' title='bbox 434 1134 565 1189; x_wconf 88' lang='lat' dir='ltr'>patefactum</span> <span class='ocrx_word' id='word_1_22' title='bbox 570 1132 637 1172; x_wconf 87' lang='lat' dir='ltr'>habet</span> <span class='ocrx_word' id='word_1_23' title='bbox 643 1133 671 1174; x_wconf 88' lang='lat' dir='ltr'>ad</span> <span class='ocrx_word' id='word_1_24' title='bbox 681 1134 746 1175; x_wconf 88' lang='lat' dir='ltr'>totius</span> <span class='ocrx_word' id='word_1_25' title='bbox 757 1136 874 1188; x_wconf 88' lang='lat' dir='ltr'>scripturae</span> <span class='ocrx_word' id='word_1_26' title='bbox 879 1136 1051 1192; x_wconf 85' lang='lat' dir='ltr'>intelligentiam.</span> 
     </span>
     <span class='ocr_line' id='line_1_7' title="bbox 51 1212 1051 1274; baseline -0.001 -12"><span class='ocrx_word' id='word_1_27' title='bbox 51 1220 95 1262; x_wconf 83' lang='lat' dir='ltr'>Suo</span> <span class='ocrx_word' id='word_1_28' title='bbox 106 1222 172 1274; x_wconf 81' lang='lat' dir='ltr'>igitur</span> <span class='ocrx_word' id='word_1_29' title='bbox 178 1219 235 1272; x_wconf 77' lang='lat' dir='ltr'>jure,</span> <span class='ocrx_word' id='word_1_30' title='bbox 250 1220 299 1270; x_wconf 88' lang='lat' dir='ltr'>post</span> <span class='ocrx_word' id='word_1_31' title='bbox 310 1216 446 1256; x_wconf 82' lang='lat' dir='ltr'>instauratam</span> <span class='ocrx_word' id='word_1_32' title='bbox 458 1213 548 1254; x_wconf 85' lang='lat' dir='ltr'>maxime</span> <span class='ocrx_word' id='word_1_33' title='bbox 561 1225 607 1252; x_wconf 92' lang='lat' dir='ltr'>rem</span> <span class='ocrx_word' id='word_1_34' title='bbox 619 1212 763 1265; x_wconf 74' lang='lat' dir='ltr'>christianam,</span> <span class='ocrx_word' id='word_1_35' title='bbox 777 1219 811 1255; x_wconf 89' lang='lat' dir='ltr'>tot</span> <span class='ocrx_word' id='word_1_36' title='bbox 822 1216 878 1256; x_wconf 87' lang='lat' dir='ltr'>inter</span> <span class='ocrx_word' id='word_1_37' title='bbox 890 1230 929 1258; x_wconf 87' lang='lat' dir='ltr'>nos</span> <span class='ocrx_word' id='word_1_38' title='bbox 940 1218 1051 1261; x_wconf 87' lang='lat' dir='ltr'>illustrium</span> 
     </span>
     <span class='ocr_line' id='line_1_8' title="bbox 51 1291 1052 1354; baseline 0.001 -14"><span class='ocrx_word' id='word_1_39' title='bbox 51 1299 188 1354; x_wconf 82' lang='lat' dir='ltr'>ingeniorum</span> <span class='ocrx_word' id='word_1_40' title='bbox 198 1296 268 1338; x_wconf 87' lang='lat' dir='ltr'>studia</span> <span class='ocrx_word' id='word_1_41' title='bbox 276 1296 298 1335; x_wconf 90' lang='lat' dir='ltr'>in</span> <span class='ocrx_word' id='word_1_42' title='bbox 308 1308 330 1335; x_wconf 88' lang='lat' dir='ltr'>se</span> <span class='ocrx_word' id='word_1_43' title='bbox 340 1293 451 1335; x_wconf 86' lang='lat' dir='ltr'>convertit.</span> <span class='ocrx_word' id='word_1_44' title='bbox 467 1291 543 1342; x_wconf 74' lang='lat' dir='ltr'>Quid?</span> <span class='ocrx_word' id='word_1_45' title='bbox 553 1291 627 1331; x_wconf 89' lang='lat' dir='ltr'>literae</span> <span class='ocrx_word' id='word_1_46' title='bbox 635 1291 773 1347; x_wconf 79' lang='lat' dir='ltr'>theologicae</span> <span class='ocrx_word' id='word_1_47' title='bbox 784 1306 835 1347; x_wconf 87' lang='lat' dir='ltr'>quas</span> <span class='ocrx_word' id='word_1_48' title='bbox 845 1294 924 1336; x_wconf 82' lang='lat' dir='ltr'>formas</span> <span class='ocrx_word' id='word_1_49' title='bbox 931 1302 1052 1351; x_wconf 87' lang='lat' dir='ltr'>temporum</span> 
     </span>
     <span class='ocr_line' id='line_1_9' title="bbox 51 1370 1051 1425; baseline 0.002 -8"><span class='ocrx_word' id='word_1_50' title='bbox 51 1376 142 1419; x_wconf 83' lang='lat' dir='ltr'>decursu</span> <span class='ocrx_word' id='word_1_51' title='bbox 157 1381 179 1417; x_wconf 89' lang='lat' dir='ltr'>et</span> <span class='ocrx_word' id='word_1_52' title='bbox 194 1376 296 1417; x_wconf 89' lang='lat' dir='ltr'>varietate</span> <span class='ocrx_word' id='word_1_53' title='bbox 311 1374 415 1414; x_wconf 91' lang='lat' dir='ltr'>hnmanae</span> <span class='ocrx_word' id='word_1_54' title='bbox 430 1371 508 1413; x_wconf 89' lang='lat' dir='ltr'>indolis</span> <span class='ocrx_word' id='word_1_55' title='bbox 522 1370 640 1421; x_wconf 84' lang='lat' dir='ltr'>induerint,</span> <span class='ocrx_word' id='word_1_56' title='bbox 656 1371 679 1411; x_wconf 88' lang='lat' dir='ltr'>in</span> <span class='ocrx_word' id='word_1_57' title='bbox 689 1371 769 1425; x_wconf 84' lang='lat' dir='ltr'>dispari</span> <span class='ocrx_word' id='word_1_58' title='bbox 779 1372 835 1412; x_wconf 86' lang='lat' dir='ltr'>facie</span> <span class='ocrx_word' id='word_1_59' title='bbox 844 1373 930 1416; x_wconf 90' lang='lat' dir='ltr'>illorum</span> <span class='ocrx_word' id='word_1_60' title='bbox 942 1388 1051 1419; x_wconf 78' lang='lat' dir='ltr'>commen-</span> 
     </span>
     <span class='ocr_line' id='line_1_10' title="bbox 50 1450 1050 1511; baseline 0.001 -14"><span class='ocrx_word' id='word_1_61' title='bbox 50 1458 152 1498; x_wconf 89' lang='lat' dir='ltr'>tariorum</span> <span class='ocrx_word' id='word_1_62' title='bbox 173 1467 293 1507; x_wconf 84' lang='lat' dir='ltr'>expressum</span> <span class='ocrx_word' id='word_1_63' title='bbox 314 1456 429 1505; x_wconf 85' lang='lat' dir='ltr'>comparet.</span> <span class='ocrx_word' id='word_1_64' title='bbox 468 1452 526 1502; x_wconf 73' lang='lat' dir='ltr'>Quos</span> <span class='ocrx_word' id='word_1_65' title='bbox 547 1464 583 1491; x_wconf 88' lang='lat' dir='ltr'>sua</span> <span class='ocrx_word' id='word_1_66' title='bbox 602 1463 704 1504; x_wconf 88' lang='lat' dir='ltr'>quemque</span> <span class='ocrx_word' id='word_1_67' title='bbox 725 1450 789 1492; x_wconf 91' lang='lat' dir='ltr'>laude</span> <span class='ocrx_word' id='word_1_68' title='bbox 809 1453 988 1496; x_wconf 87' lang='lat' dir='ltr'>commendabiles</span> <span class='ocrx_word' id='word_1_69' title='bbox 1005 1458 1050 1511; x_wconf 87' lang='lat' dir='ltr'>quis</span> 
     </span>
     <span class='ocr_line' id='line_1_11' title="bbox 48 1529 1049 1588; baseline 0.003 -12"><span class='ocrx_word' id='word_1_70' title='bbox 48 1537 94 1576; x_wconf 88' lang='lat' dir='ltr'>sine</span> <span class='ocrx_word' id='word_1_71' title='bbox 104 1536 176 1581; x_wconf 87' lang='lat' dir='ltr'>fructu</span> <span class='ocrx_word' id='word_1_72' title='bbox 185 1534 259 1588; x_wconf 56' lang='lat' dir='ltr'>legat,</span> <span class='ocrx_word' id='word_1_73' title='bbox 268 1531 372 1583; x_wconf 80' lang='lat' dir='ltr'>consulat,</span> <span class='ocrx_word' id='word_1_74' title='bbox 388 1531 443 1570; x_wconf 88' lang='lat' dir='ltr'>inter</span> <span class='ocrx_word' id='word_1_75' title='bbox 452 1543 474 1571; x_wconf 87' lang='lat' dir='ltr'>se</span> <span class='ocrx_word' id='word_1_76' title='bbox 484 1529 607 1583; x_wconf 85' lang='lat' dir='ltr'>comparet?</span> <span class='ocrx_word' id='word_1_77' title='bbox 638 1530 668 1570; x_wconf 89' lang='lat' dir='ltr'>At</span> <span class='ocrx_word' id='word_1_78' title='bbox 679 1530 795 1572; x_wconf 84' lang='lat' dir='ltr'>videndum</span> <span class='ocrx_word' id='word_1_79' title='bbox 805 1536 842 1584; x_wconf 81' lang='lat' dir='ltr'>est,</span> <span class='ocrx_word' id='word_1_80' title='bbox 857 1546 884 1573; x_wconf 90' lang='lat' dir='ltr'>ne</span> <span class='ocrx_word' id='word_1_81' title='bbox 895 1534 1049 1588; x_wconf 83' lang='lat' dir='ltr'>perlustrandis</span> 
     </span>
     <span class='ocr_line' id='line_1_12' title="bbox 50 1608 1049 1668; baseline 0.004 -14"><span class='ocrx_word' id='word_1_82' title='bbox 50 1614 96 1668; x_wconf 88' lang='lat' dir='ltr'>ejus</span> <span class='ocrx_word' id='word_1_83' title='bbox 112 1616 196 1668; x_wconf 84' lang='lat' dir='ltr'>generis</span> <span class='ocrx_word' id='word_1_84' title='bbox 210 1613 315 1655; x_wconf 83' lang='lat' dir='ltr'>thesauris</span> <span class='ocrx_word' id='word_1_85' title='bbox 330 1626 343 1651; x_wconf 85' lang='lat' dir='ltr'>a</span> <span class='ocrx_word' id='word_1_86' title='bbox 358 1611 418 1651; x_wconf 87' lang='lat' dir='ltr'>fonte</span> <span class='ocrx_word' id='word_1_87' title='bbox 433 1610 501 1664; x_wconf 88' lang='lat' dir='ltr'>ipsius</span> <span class='ocrx_word' id='word_1_88' title='bbox 516 1609 577 1649; x_wconf 88' lang='lat' dir='ltr'>verbi</span> <span class='ocrx_word' id='word_1_89' title='bbox 593 1608 659 1649; x_wconf 86' lang='lat' dir='ltr'>divini</span> <span class='ocrx_word' id='word_1_90' title='bbox 676 1609 833 1663; x_wconf 80' lang='lat' dir='ltr'>abstrahamur,</span> <span class='ocrx_word' id='word_1_91' title='bbox 849 1625 901 1654; x_wconf 82' lang='lat' dir='ltr'>neve</span> <span class='ocrx_word' id='word_1_92' title='bbox 910 1613 1049 1667; x_wconf 82' lang='lat' dir='ltr'>interpretum</span> 
     </span>
     <span class='ocr_line' id='line_1_13' title="bbox 48 1687 1050 1747; baseline 0.004 -13"><span class='ocrx_word' id='word_1_93' title='bbox 48 1706 86 1734; x_wconf 91' lang='lat' dir='ltr'>usu</span> <span class='ocrx_word' id='word_1_94' title='bbox 96 1697 117 1733; x_wconf 88' lang='lat' dir='ltr'>et</span> <span class='ocrx_word' id='word_1_95' title='bbox 133 1693 234 1746; x_wconf 90' lang='lat' dir='ltr'>obsequio</span> <span class='ocrx_word' id='word_1_96' title='bbox 249 1691 283 1732; x_wconf 85' lang='grc'>111</span> <span class='ocrx_word' id='word_1_97' title='bbox 298 1690 428 1743; x_wconf 90' lang='lat' dir='ltr'>optimorum</span> <span class='ocrx_word' id='word_1_98' title='bbox 444 1689 550 1742; x_wconf 83' lang='lat' dir='ltr'>occupati,</span> <span class='ocrx_word' id='word_1_99' title='bbox 565 1692 611 1728; x_wconf 90' lang='lat' dir='ltr'>tum</span> <span class='ocrx_word' id='word_1_100' title='bbox 623 1687 704 1742; x_wconf 84' lang='lat' dir='ltr'>judieii</span> <span class='ocrx_word' id='word_1_101' title='bbox 714 1690 836 1731; x_wconf 88' lang='lat' dir='ltr'>libertatem</span> <span class='ocrx_word' id='word_1_102' title='bbox 851 1691 989 1747; x_wconf 86' lang='lat' dir='ltr'>deponamus,</span> <span class='ocrx_word' id='word_1_103' title='bbox 1004 1700 1050 1738; x_wconf 90' lang='lat' dir='ltr'>tum</span> 
     </span>
     <span class='ocr_line' id='line_1_14' title="bbox 50 1767 1048 1824; baseline 0.006 -13"><span class='ocrx_word' id='word_1_104' title='bbox 50 1771 124 1812; x_wconf 84' lang='lat' dir='ltr'>officio</span> <span class='ocrx_word' id='word_1_105' title='bbox 142 1782 183 1824; x_wconf 88' lang='lat' dir='ltr'>pro</span> <span class='ocrx_word' id='word_1_106' title='bbox 202 1770 259 1810; x_wconf 89' lang='lat' dir='ltr'>virili</span> <span class='ocrx_word' id='word_1_107' title='bbox 280 1767 395 1822; x_wconf 87' lang='lat' dir='ltr'>quaerendi</span> <span class='ocrx_word' id='word_1_108' title='bbox 414 1780 487 1808; x_wconf 86' lang='lat' dir='ltr'>verum</span> <span class='ocrx_word' id='word_1_109' title='bbox 506 1768 683 1821; x_wconf 86' lang='lat' dir='ltr'>supersedeamus.</span> <span class='ocrx_word' id='word_1_110' title='bbox 722 1769 797 1823; x_wconf 89' lang='lat' dir='ltr'>Neque</span> <span class='ocrx_word' id='word_1_111' title='bbox 817 1771 874 1811; x_wconf 88' lang='lat' dir='ltr'>enim</span> <span class='ocrx_word' id='word_1_112' title='bbox 892 1773 960 1815; x_wconf 91' lang='lat' dir='ltr'>minus</span> <span class='ocrx_word' id='word_1_113' title='bbox 975 1787 1048 1818; x_wconf 88' lang='lat' dir='ltr'>eorum</span> 
     </span>
     <span class='ocr_line' id='line_1_15' title="bbox 50 1847 1048 1909; baseline 0.006 -19"><span class='ocrx_word' id='word_1_114' title='bbox 50 1851 151 1903; x_wconf 80' lang='lat' dir='ltr'>segnities</span> <span class='ocrx_word' id='word_1_115' title='bbox 175 1848 282 1903; x_wconf 87' lang='lat' dir='ltr'>culpanda</span> <span class='ocrx_word' id='word_1_116' title='bbox 303 1853 347 1900; x_wconf 77' lang='lat' dir='ltr'>est,</span> <span class='ocrx_word' id='word_1_117' title='bbox 378 1847 414 1902; x_wconf 89' lang='lat' dir='ltr'>qui</span> <span class='ocrx_word' id='word_1_118' title='bbox 433 1851 539 1888; x_wconf 85' lang='lat' dir='ltr'>tantorum</span> <span class='ocrx_word' id='word_1_119' title='bbox 558 1848 652 1888; x_wconf 86' lang='lat' dir='ltr'>virorum</span> <span class='ocrx_word' id='word_1_120' title='bbox 668 1848 759 1903; x_wconf 84' lang='lat' dir='ltr'>judiciis</span> <span class='ocrx_word' id='word_1_121' title='bbox 780 1850 884 1891; x_wconf 88' lang='lat' dir='ltr'>obstinate</span> <span class='ocrx_word' id='word_1_122' title='bbox 904 1854 1048 1909; x_wconf 79' lang='lat' dir='ltr'>aequiescunt,</span> 
     </span>
    </p>
   </div>
   <div class='ocr_carea' id='block_1_6' title="bbox 49 1925 1047 1986">
    <p class='ocr_par' dir='ltr' id='par_1_6' title="bbox 49 1925 1047 1986">
     <span class='ocr_line' id='line_1_16' title="bbox 49 1925 1047 1986; baseline 0.006 -17"><span class='ocrx_word' id='word_1_123' title='bbox 49 1941 113 1982; x_wconf 86' lang='lat' dir='ltr'>quam</span> <span class='ocrx_word' id='word_1_124' title='bbox 128 1929 261 1982; x_wconf 82' lang='lat' dir='ltr'>quorundam</span> <span class='ocrx_word' id='word_1_125' title='bbox 277 1928 385 1969; x_wconf 87' lang='lat' dir='ltr'>temeritas</span> <span class='ocrx_word' id='word_1_126' title='bbox 398 1927 454 1968; x_wconf 88' lang='lat' dir='ltr'>nihil</span> <span class='ocrx_word' id='word_1_127' title='bbox 470 1927 509 1967; x_wconf 90' lang='lat' dir='ltr'>nisi</span> <span class='ocrx_word' id='word_1_128' title='bbox 525 1940 580 1968; x_wconf 82' lang='lat' dir='ltr'>nova</span> <span class='ocrx_word' id='word_1_129' title='bbox 594 1928 730 1980; x_wconf 85' lang='lat' dir='ltr'>probantium</span> <span class='ocrx_word' id='word_1_130' title='bbox 746 1933 808 1982; x_wconf 88' lang='lat' dir='ltr'>atque</span> <span class='ocrx_word' id='word_1_131' title='bbox 825 1930 878 1970; x_wconf 90' lang='lat' dir='ltr'>adeo</span> <span class='ocrx_word' id='word_1_132' title='bbox 894 1925 922 1973; x_wconf 75' lang='lat' dir='ltr'>ut</span> <span class='ocrx_word' id='word_1_133' title='bbox 938 1927 1003 1986; x_wconf 73' lang='lat' dir='ltr'>bo&#39;ytot</span> <span class='ocrx_word' id='word_1_134' title='bbox 1014 1930 1047 1977; x_wconf 74' lang='lat' dir='ltr'>rod</span> 
     </span>
    </p>
   </div>
   <div class='ocr_carea' id='block_1_7' title="bbox 47 1997 1047 2540">
    <p class='ocr_par' dir='ltr' id='par_1_7' title="bbox 47 1997 1047 2540">
     <span class='ocr_line' id='line_1_17' title="bbox 49 1997 1047 2068; baseline 0.007 -20"><span class='ocrx_word' id='word_1_135' title='bbox 49 1998 99 2048; x_wconf 65' lang='lat' dir='ltr'>brot</span> <span class='ocrx_word' id='word_1_136' title='bbox 113 2006 156 2048; x_wconf 92' lang='lat' dir='ltr'>huo</span> <span class='ocrx_word' id='word_1_137' title='bbox 171 2008 223 2050; x_wconf 89' lang='lat' dir='ltr'>illue</span> <span class='ocrx_word' id='word_1_138' title='bbox 238 2009 387 2062; x_wconf 87' lang='lat' dir='ltr'>torquentium.</span> <span class='ocrx_word' id='word_1_139' title='bbox 419 2008 491 2058; x_wconf 78' lang='lat' dir='ltr'>Quare</span> <span class='ocrx_word' id='word_1_140' title='bbox 506 2020 550 2046; x_wconf 92' lang='lat' dir='ltr'>non</span> <span class='ocrx_word' id='word_1_141' title='bbox 560 2007 656 2058; x_wconf 85' lang='lat' dir='ltr'>verebor,</span> <span class='ocrx_word' id='word_1_142' title='bbox 671 2007 713 2048; x_wconf 89' lang='lat' dir='ltr'>hae</span> <span class='ocrx_word' id='word_1_143' title='bbox 725 2009 838 2048; x_wconf 86' lang='lat' dir='ltr'>occasione</span> <span class='ocrx_word' id='word_1_144' title='bbox 849 2009 957 2053; x_wconf 88' lang='lat' dir='ltr'>scribendi</span> <span class='ocrx_word' id='word_1_145' title='bbox 969 1997 1047 2068; x_wconf 79' lang='lat' dir='ltr'>oblata,</span> 
     </span>
     <span class='ocr_line' id='line_1_18' title="bbox 49 2084 1047 2140; baseline 0.008 -14"><span class='ocrx_word' id='word_1_146' title='bbox 49 2085 157 2137; x_wconf 86' lang='lat' dir='ltr'>modeste,</span> <span class='ocrx_word' id='word_1_147' title='bbox 179 2090 200 2126; x_wconf 90' lang='lat' dir='ltr'>at</span> <span class='ocrx_word' id='word_1_148' title='bbox 218 2086 286 2127; x_wconf 91' lang='lat' dir='ltr'>libere</span> <span class='ocrx_word' id='word_1_149' title='bbox 306 2086 416 2140; x_wconf 72' lang='lat' dir='ltr'>proferre,</span> <span class='ocrx_word' id='word_1_150' title='bbox 436 2086 454 2126; x_wconf 91' lang='lat' dir='ltr'>si</span> <span class='ocrx_word' id='word_1_151' title='bbox 474 2084 527 2138; x_wconf 88' lang='lat' dir='ltr'>quid</span> <span class='ocrx_word' id='word_1_152' title='bbox 546 2084 574 2124; x_wconf 93' lang='lat' dir='ltr'>de</span> <span class='ocrx_word' id='word_1_153' title='bbox 594 2084 681 2125; x_wconf 83' lang='lat' dir='ltr'>exordio</span> <span class='ocrx_word' id='word_1_154' title='bbox 701 2085 803 2138; x_wconf 86' lang='lat' dir='ltr'>epistolae</span> <span class='ocrx_word' id='word_1_155' title='bbox 819 2085 847 2127; x_wconf 88' lang='lat' dir='ltr'>ad</span> <span class='ocrx_word' id='word_1_156' title='bbox 861 2086 969 2131; x_wconf 85' lang='lat' dir='ltr'>Romanos</span> <span class='ocrx_word' id='word_1_157' title='bbox 985 2092 1047 2134; x_wconf 87' lang='lat' dir='ltr'>datae</span> 
     </span>
     <span class='ocr_line' id='line_1_19' title="bbox 47 2164 1046 2219; baseline 0.008 -14"><span class='ocrx_word' id='word_1_158' title='bbox 47 2169 132 2218; x_wconf 87' lang='lat' dir='ltr'>praeter</span> <span class='ocrx_word' id='word_1_159' title='bbox 148 2176 282 2204; x_wconf 88' lang='lat' dir='ltr'>communem</span> <span class='ocrx_word' id='word_1_160' title='bbox 296 2165 342 2204; x_wconf 82' lang='lat' dir='ltr'>fere</span> <span class='ocrx_word' id='word_1_161' title='bbox 360 2165 455 2204; x_wconf 89' lang='lat' dir='ltr'>omnium</span> <span class='ocrx_word' id='word_1_162' title='bbox 470 2164 609 2217; x_wconf 84' lang='lat' dir='ltr'>interpretum</span> <span class='ocrx_word' id='word_1_163' title='bbox 628 2164 751 2217; x_wconf 88' lang='lat' dir='ltr'>opinionem</span> <span class='ocrx_word' id='word_1_164' title='bbox 767 2178 790 2205; x_wconf 88' lang='lat' dir='ltr'>se</span> <span class='ocrx_word' id='word_1_165' title='bbox 804 2164 858 2205; x_wconf 91' lang='lat' dir='ltr'>mihi</span> <span class='ocrx_word' id='word_1_166' title='bbox 873 2168 978 2219; x_wconf 72' lang='lat' dir='ltr'>probavit,</span> <span class='ocrx_word' id='word_1_167' title='bbox 1013 2172 1046 2213; x_wconf 84' lang='lat' dir='ltr'>Ao</span> 
     </span>
     <span class='ocr_line' id='line_1_20' title="bbox 49 2241 1047 2297; baseline 0.006 -13"><span class='ocrx_word' id='word_1_168' title='bbox 49 2244 134 2295; x_wconf 82' lang='lat' dir='ltr'>nescio,</span> <span class='ocrx_word' id='word_1_169' title='bbox 150 2256 177 2283; x_wconf 91' lang='lat' dir='ltr'>an</span> <span class='ocrx_word' id='word_1_170' title='bbox 188 2241 329 2295; x_wconf 87' lang='lat' dir='ltr'>plurimorum</span> <span class='ocrx_word' id='word_1_171' title='bbox 338 2242 412 2283; x_wconf 89' lang='lat' dir='ltr'>studiis</span> <span class='ocrx_word' id='word_1_172' title='bbox 424 2242 452 2283; x_wconf 83' lang='lat' dir='ltr'>arl</span> <span class='ocrx_word' id='word_1_173' title='bbox 463 2243 533 2296; x_wconf 88' lang='lat' dir='ltr'>capita</span> <span class='ocrx_word' id='word_1_174' title='bbox 542 2243 643 2297; x_wconf 87' lang='lat' dir='ltr'>epistolae</span> <span class='ocrx_word' id='word_1_175' title='bbox 653 2243 770 2297; x_wconf 88' lang='lat' dir='ltr'>praecipua</span> <span class='ocrx_word' id='word_1_176' title='bbox 789 2248 810 2284; x_wconf 87' lang='lat' dir='ltr'>et</span> <span class='ocrx_word' id='word_1_177' title='bbox 825 2246 915 2287; x_wconf 81' lang='lat' dir='ltr'>maxime</span> <span class='ocrx_word' id='word_1_178' title='bbox 930 2251 1047 2291; x_wconf 88' lang='lat' dir='ltr'>necessaria</span> 
     </span>
     <span class='ocr_line' id='line_1_21' title="bbox 49 2320 1047 2378; baseline 0.007 -15"><span class='ocrx_word' id='word_1_179' title='bbox 49 2322 213 2377; x_wconf 85' lang='lat' dir='ltr'>properantibus</span> <span class='ocrx_word' id='word_1_180' title='bbox 228 2321 308 2362; x_wconf 86' lang='lat' dir='ltr'>factum</span> <span class='ocrx_word' id='word_1_181' title='bbox 324 2321 361 2372; x_wconf 82' lang='lat' dir='ltr'>sit,</span> <span class='ocrx_word' id='word_1_182' title='bbox 383 2326 407 2362; x_wconf 88' lang='lat' dir='ltr'>ut</span> <span class='ocrx_word' id='word_1_183' title='bbox 425 2320 568 2363; x_wconf 84' lang='lat' dir='ltr'>investibulo</span> <span class='ocrx_word' id='word_1_184' title='bbox 584 2321 718 2362; x_wconf 87' lang='lat' dir='ltr'>sacratissimi</span> <span class='ocrx_word' id='word_1_185' title='bbox 734 2321 794 2375; x_wconf 81' lang='lat' dir='ltr'>adyti</span> <span class='ocrx_word' id='word_1_186' title='bbox 809 2323 926 2365; x_wconf 84' lang='lat' dir='ltr'>residerent</span> <span class='ocrx_word' id='word_1_187' title='bbox 942 2327 1047 2378; x_wconf 88' lang='lat' dir='ltr'>quaedam</span> 
     </span>
     <span class='ocr_line' id='line_1_22' title="bbox 48 2399 1047 2461; baseline 0.007 -23"><span class='ocrx_word' id='word_1_188' title='bbox 48 2399 84 2439; x_wconf 87' lang='grc'>111</span> <span class='ocrx_word' id='word_1_189' title='bbox 101 2402 250 2444; x_wconf 88' lang='lat' dir='ltr'>hebetioribus</span> <span class='ocrx_word' id='word_1_190' title='bbox 275 2400 341 2442; x_wconf 90' lang='lat' dir='ltr'>oeulis</span> <span class='ocrx_word' id='word_1_191' title='bbox 362 2401 496 2453; x_wconf 88' lang='lat' dir='ltr'>reperienda.</span> <span class='ocrx_word' id='word_1_192' title='bbox 547 2400 591 2441; x_wconf 82' lang='lat' dir='ltr'>Sed</span> <span class='ocrx_word' id='word_1_193' title='bbox 611 2402 667 2441; x_wconf 90' lang='lat' dir='ltr'>enim</span> <span class='ocrx_word' id='word_1_194' title='bbox 692 2415 757 2454; x_wconf 90' lang='lat' dir='ltr'>quum</span> <span class='ocrx_word' id='word_1_195' title='bbox 781 2403 840 2443; x_wconf 91' lang='lat' dir='ltr'>nulla</span> <span class='ocrx_word' id='word_1_196' title='bbox 859 2404 975 2456; x_wconf 87' lang='lat' dir='ltr'>scripturae</span> <span class='ocrx_word' id='word_1_197' title='bbox 998 2421 1047 2461; x_wconf 77' lang='lat' dir='ltr'>pars</span> 
     </span>
     <span class='ocr_line' id='line_1_23' title="bbox 49 2479 1047 2540; baseline 0.011 -23"><span class='ocrx_word' id='word_1_198' title='bbox 49 2490 92 2518; x_wconf 88' lang='lat' dir='ltr'>non</span> <span class='ocrx_word' id='word_1_199' title='bbox 116 2482 212 2522; x_wconf 83' lang='lat' dir='ltr'>conferat</span> <span class='ocrx_word' id='word_1_200' title='bbox 232 2481 260 2522; x_wconf 91' lang='lat' dir='ltr'>ad</span> <span class='ocrx_word' id='word_1_201' title='bbox 279 2481 386 2535; x_wconf 78' lang='lat' dir='ltr'>integram</span> <span class='ocrx_word' id='word_1_202' title='bbox 410 2480 533 2532; x_wconf 78' lang='lat' dir='ltr'>veritatem,</span> <span class='ocrx_word' id='word_1_203' title='bbox 554 2485 600 2521; x_wconf 90' lang='lat' dir='ltr'>tum</span> <span class='ocrx_word' id='word_1_204' title='bbox 619 2479 658 2520; x_wconf 91' lang='lat' dir='ltr'>illo</span> <span class='ocrx_word' id='word_1_205' title='bbox 675 2482 801 2533; x_wconf 68' lang='lat' dir='ltr'>prooemio,</span> <span class='ocrx_word' id='word_1_206' title='bbox 816 2482 875 2536; x_wconf 89' lang='lat' dir='ltr'>quale</span> <span class='ocrx_word' id='word_1_207' title='bbox 890 2481 967 2525; x_wconf 86' lang='lat' dir='ltr'>haberi</span> <span class='ocrx_word' id='word_1_208' title='bbox 987 2488 1047 2540; x_wconf 89' lang='lat' dir='ltr'>solet,</span> 
     </span>
    </p>
   </div>
   <div class='ocr_carea' id='block_1_8' title="bbox 48 2558 1047 2681">
    <p class='ocr_par' dir='ltr' id='par_1_8' title="bbox 48 2558 1047 2681">
     <span class='ocr_line' id='line_1_24' title="bbox 48 2558 1047 2618; baseline 0.007 -21"><span class='ocrx_word' id='word_1_209' title='bbox 48 2558 137 2598; x_wconf 85' lang='lat' dir='ltr'>stamina</span> <span class='ocrx_word' id='word_1_210' title='bbox 153 2561 212 2611; x_wconf 81' lang='lat' dir='ltr'>quasi</span> <span class='ocrx_word' id='word_1_211' title='bbox 226 2562 291 2603; x_wconf 87' lang='lat' dir='ltr'>totius</span> <span class='ocrx_word' id='word_1_212' title='bbox 306 2565 402 2602; x_wconf 83' lang='lat' dir='ltr'>texturae</span> <span class='ocrx_word' id='word_1_213' title='bbox 416 2559 539 2613; x_wconf 88' lang='lat' dir='ltr'>epistolicae</span> <span class='ocrx_word' id='word_1_214' title='bbox 556 2559 607 2601; x_wconf 89' lang='lat' dir='ltr'>duci</span> <span class='ocrx_word' id='word_1_215' title='bbox 628 2558 734 2601; x_wconf 76' lang='lat' dir='ltr'>videnum</span> <span class='ocrx_word' id='word_1_216' title='bbox 761 2560 842 2615; x_wconf 54' lang='lat' dir='ltr'>*Atque</span> <span class='ocrx_word' id='word_1_217' title='bbox 860 2560 904 2604; x_wconf 91' lang='lat' dir='ltr'>hoo</span> <span class='ocrx_word' id='word_1_218' title='bbox 920 2564 1004 2618; x_wconf 88' lang='lat' dir='ltr'>quidem</span> <span class='ocrx_word' id='word_1_219' title='bbox 1024 2567 1047 2608; x_wconf 82' lang='lat' dir='ltr'>in</span> 
     </span>
     <span class='ocr_line' id='line_1_25' title="bbox 831 2639 844 2681; baseline 0 0"><span class='ocrx_word' id='word_1_220' title='bbox 831 2639 844 2681; x_wconf 92' lang='lat'>1</span> 
     </span>
    </p>
   </div>
   <div class='ocr_carea' id='block_1_9' title="bbox 0 0 1130 2884">
    <p class='ocr_par' dir='ltr' id='par_1_9' title="bbox 0 0 1130 2884">
     <span class='ocr_line' id='line_1_26' title="bbox 0 0 1130 2884; baseline 0 2"><span class='ocrx_word' id='word_1_221' title='bbox 0 0 1130 2884; x_wconf 95' lang='lat' dir='ltr'> </span> 
     </span>
    </p>
   </div>
  </div>
 </body>
</html>
